<?xml version="1.0" encoding="utf-8"?><searchRetrieveResponse xmlns="http://www.loc.gov/zing/srw/"> 
                <version>1.1</version><numberOfRecords>432</numberOfRecords>
                <records><record><recordSchema>MARC21-xml</recordSchema><recordPacking>xml</recordPacking><recordData><record type="Bibliographic" xmlns="http://www.loc.gov/MARC21/slim">
<leader>00000nam a2200000uc 4500</leader>
<controlfield tag="001">1356298796</controlfield>
<controlfield tag="003">DE-101</controlfield>
<controlfield tag="005">20250306100809.0</controlfield>
<controlfield tag="007">cr||||||||||||</controlfield>
<controlfield tag="008">250214s2025    gw |||||o|||| 00||||ger  </controlfield>
<datafield ind1=" " ind2=" " tag="015">
<subfield code="a">25,O03</subfield>
<subfield code="2">dnb</subfield>
</datafield>
<datafield ind1="7" ind2=" " tag="016">
<subfield code="2">DE-101</subfield>
<subfield code="a">1356298796</subfield>
</datafield>
<datafield ind1=" " ind2=" " tag="020">
<subfield code="a">9783690490351</subfield>
<subfield code="9">978-3-690-49035-1</subfield>
</datafield>
<datafield ind1="7" ind2=" " tag="024">
<subfield code="2">urn</subfield>
<subfield code="a">urn:nbn:de:101:1-2502140915108.987739222197</subfield>
</datafield>
<datafield ind1="5" ind2="2" tag="028">
<subfield code="a">Bestellnummer: G.F. Barner 354</subfield>
</datafield>
<datafield ind1=" " ind2=" " tag="035">
<subfield code="a">(DE-599)DNB1356298796</subfield>
</datafield>
<datafield ind1=" " ind2=" " tag="035">
<subfield code="a">(OCoLC)1504455597</subfield>
</datafield>
<datafield ind1=" " ind2=" " tag="040">
<subfield code="a">1240</subfield>
<subfield code="b">ger</subfield>
<subfield code="c">DE-101</subfield>
<subfield code="d">9999</subfield>
</datafield>
<datafield ind1=" " ind2=" " tag="041">
<subfield code="8">1\p</subfield>
<subfield code="a">ger</subfield>
</datafield>
<datafield ind1=" " ind2=" " tag="044">
<subfield code="c">XA-DE-HH</subfield>
</datafield>
<datafield ind1="7" ind2="4" tag="082">
<subfield code="8">3\p</subfield>
<subfield code="a">830</subfield>
<subfield code="a">B</subfield>
<subfield code="q">DE-101</subfield>
<subfield code="2">23sdnb</subfield>
</datafield>
<datafield ind1="1" ind2=" " tag="100">
<subfield code="8">2\p</subfield>
<subfield code="a">Barner, G.F.</subfield>
<subfield code="e">Verfasser</subfield>
<subfield code="4">aut</subfield>
</datafield>
<datafield ind1="1" ind2="0" tag="245">
<subfield code="a">Canyon-Fehde</subfield>
<subfield code="b">G.F. Barner 354 – Western</subfield>
<subfield code="c">G.F. Barner</subfield>
</datafield>
<datafield ind1=" " ind2="1" tag="264">
<subfield code="a">Hamburg</subfield>
<subfield code="b">Kelter Media</subfield>
<subfield code="c">2025</subfield>
</datafield>
<datafield ind1=" " ind2=" " tag="300">
<subfield code="a">Online-Ressource, 100 Seiten</subfield>
</datafield>
<datafield ind1=" " ind2=" " tag="336">
<subfield code="a">Text</subfield>
<subfield code="b">txt</subfield>
<subfield code="2">rdacontent</subfield>
</datafield>
<datafield ind1=" " ind2=" " tag="337">
<subfield code="a">Computermedien</subfield>
<subfield code="b">c</subfield>
<subfield code="2">rdamedia</subfield>
</datafield>
<datafield ind1=" " ind2=" " tag="338">
<subfield code="a">Online-Ressource</subfield>
<subfield code="b">cr</subfield>
<subfield code="2">rdacarrier</subfield>
</datafield>
<datafield ind1="1" ind2=" " tag="490">
<subfield code="a">G.F. Barner</subfield>
<subfield code="v">354</subfield>
</datafield>
<datafield ind1="1" ind2=" " tag="583">
<subfield code="a">Archivierung/Langzeitarchivierung gewährleistet</subfield>
<subfield code="5">DE-101</subfield>
<subfield code="2">pdager</subfield>
</datafield>
<datafield ind1=" " ind2=" " tag="653">
<subfield code="a">(Produktform)Electronic book text</subfield>
</datafield>
<datafield ind1=" " ind2=" " tag="653">
<subfield code="a">(BISAC Subject Heading)FIC033000</subfield>
</datafield>
<datafield ind1=" " ind2=" " tag="653">
<subfield code="a">(BISAC Subject Heading)FIC002000</subfield>
</datafield>
<datafield ind1=" " ind2=" " tag="653">
<subfield code="a">G.F. Unger</subfield>
</datafield>
<datafield ind1=" " ind2=" " tag="653">
<subfield code="a">GF Barner</subfield>
</datafield>
<datafield ind1=" " ind2=" " tag="653">
<subfield code="a">BF Garner</subfield>
</datafield>
<datafield ind1=" " ind2=" " tag="653">
<subfield code="a">Cowboy</subfield>
</datafield>
<datafield ind1=" " ind2=" " tag="653">
<subfield code="a">Cowboys</subfield>
</datafield>
<datafield ind1=" " ind2=" " tag="653">
<subfield code="a">Indianer</subfield>
</datafield>
<datafield ind1=" " ind2=" " tag="653">
<subfield code="a">Wild West</subfield>
</datafield>
<datafield ind1=" " ind2=" " tag="653">
<subfield code="a">Wilder Westen</subfield>
</datafield>
<datafield ind1=" " ind2=" " tag="653">
<subfield code="a">Prärie</subfield>
</datafield>
<datafield ind1=" " ind2=" " tag="653">
<subfield code="a">Duell</subfield>
</datafield>
<datafield ind1=" " ind2=" " tag="653">
<subfield code="a">Sheriff</subfield>
</datafield>
<datafield ind1=" " ind2=" " tag="653">
<subfield code="a">Colt</subfield>
</datafield>
<datafield ind1=" " ind2=" " tag="653">
<subfield code="a">Doc Holliday</subfield>
</datafield>
<datafield ind1=" " ind2=" " tag="653">
<subfield code="a">Wyatt Earp</subfield>
</datafield>
<datafield ind1=" " ind2=" " tag="653">
<subfield code="a">Cassidy</subfield>
</datafield>
<datafield ind1=" " ind2=" " tag="653">
<subfield code="a">Squaw</subfield>
</datafield>
<datafield ind1=" " ind2=" " tag="653">
<subfield code="a">Häuptling</subfield>
</datafield>
<datafield ind1=" " ind2=" " tag="653">
<subfield code="a">Saloon</subfield>
</datafield>
<datafield ind1=" " ind2=" " tag="653">
<subfield code="a">Duell</subfield>
</datafield>
<datafield ind1=" " ind2=" " tag="653">
<subfield code="a">Cassidy</subfield>
</datafield>
<datafield ind1=" " ind2=" " tag="653">
<subfield code="a">Die großen Western</subfield>
</datafield>
<datafield ind1=" " ind2=" " tag="653">
<subfield code="a">Martin Kelter Verlag</subfield>
</datafield>
<datafield ind1=" " ind2=" " tag="653">
<subfield code="a">(VLB-WN)9120</subfield>
</datafield>
<datafield ind1=" " ind2="7" tag="655">
<subfield code="0">(DE-101)1010874004</subfield>
<subfield code="a">Spannung</subfield>
<subfield code="2">gatbeg</subfield>
</datafield>
<datafield ind1=" " ind2="0" tag="830">
<subfield code="a">G.F. Barner</subfield>
<subfield code="v">354</subfield>
</datafield>
<datafield ind1=" " ind2=" " tag="850">
<subfield code="a">DE-101a</subfield>
<subfield code="a">DE-101b</subfield>
</datafield>
<datafield ind1="4" ind2="0" tag="856">
<subfield code="u">https://nbn-resolving.org/urn:nbn:de:101:1-2502140915108.987739222197</subfield>
<subfield code="x">Resolving-System</subfield>
</datafield>
<datafield ind1=" " ind2="0" tag="856">
<subfield code="u">https://d-nb.info/1356298796/34</subfield>
<subfield code="x">Langzeitarchivierung Nationalbibliothek</subfield>
</datafield>
<datafield ind1="4" ind2=" " tag="856">
<subfield code="q">epub</subfield>
<subfield code="u">http://www.kelter.de/</subfield>
<subfield code="x">Verlag</subfield>
</datafield>
<datafield ind1="1" ind2=" " tag="883">
<subfield code="8">1\p</subfield>
<subfield code="a">npi</subfield>
<subfield code="d">20250214</subfield>
<subfield code="q">DE-101</subfield>
<subfield code="u">https://d-nb.info/provenance/plan#npi</subfield>
</datafield>
<datafield ind1="1" ind2=" " tag="883">
<subfield code="8">2\p</subfield>
<subfield code="a">npi</subfield>
<subfield code="d">20250214</subfield>
<subfield code="q">DE-101</subfield>
<subfield code="u">https://d-nb.info/provenance/plan#npi</subfield>
</datafield>
<datafield ind1="1" ind2=" " tag="883">
<subfield code="8">3\p</subfield>
<subfield code="a">npi</subfield>
<subfield code="d">20250214</subfield>
<subfield code="q">DE-101</subfield>
<subfield code="u">https://d-nb.info/provenance/plan#npi</subfield>
</datafield>
<datafield ind1="r" ind2=" " tag="925">
<subfield code="a">ro</subfield>
<subfield code="a">ra</subfield>
</datafield>
<datafield ind1="1" ind2=" " tag="926">
<subfield code="a">FJW</subfield>
<subfield code="o">93</subfield>
<subfield code="v">1.5</subfield>
</datafield>
<datafield ind1=" " ind2=" " tag="927">
<subfield code="a">182616100</subfield>
</datafield>
</record>