<record type="Bibliographic" xmlns="http://www.loc.gov/MARC21/slim">
<leader>00000naa a2200000uc 4500</leader>
<controlfield tag="001">1332856918</controlfield>
<controlfield tag="003">DE-101</controlfield>
<controlfield tag="005">20240710225622.0</controlfield>
<controlfield tag="007">cr||||||||||||</controlfield>
<controlfield tag="008">240613s2024    gw |||||o|||| 00||||ger  </controlfield>
<datafield ind1=" " ind2=" " tag="015">
<subfield code="a">24,O07</subfield>
<subfield code="2">dnb</subfield>
</datafield>
<datafield ind1="7" ind2=" " tag="016">
<subfield code="2">DE-101</subfield>
<subfield code="a">1332856918</subfield>
</datafield>
<datafield ind1="7" ind2=" " tag="024">
<subfield code="2">urn</subfield>
<subfield code="a">urn:nbn:de:bsz:15-qucosa2-914320</subfield>
</datafield>
<datafield ind1=" " ind2=" " tag="035">
<subfield code="a">(DE-599)DNB1332856918</subfield>
</datafield>
<datafield ind1=" " ind2=" " tag="035">
<subfield code="a">(OCoLC)1445460569</subfield>
</datafield>
<datafield ind1=" " ind2=" " tag="040">
<subfield code="a">1140</subfield>
<subfield code="b">ger</subfield>
<subfield code="c">DE-101</subfield>
<subfield code="d">9999</subfield>
</datafield>
<datafield ind1=" " ind2=" " tag="041">
<subfield code="8">1\p</subfield>
<subfield code="a">ger</subfield>
</datafield>
<datafield ind1=" " ind2=" " tag="044">
<subfield code="c">XA-DE-SN</subfield>
</datafield>
<datafield ind1="7" ind2="4" tag="082">
<subfield code="8">10\p</subfield>
<subfield code="a">340</subfield>
<subfield code="q">DE-101</subfield>
<subfield code="2">23sdnb</subfield>
</datafield>
<datafield ind1=" " ind2=" " tag="084">
<subfield code="a">340</subfield>
<subfield code="2">ddc</subfield>
</datafield>
<datafield ind1="1" ind2=" " tag="100">
<subfield code="8">2\p</subfield>
<subfield code="a">Bärnreuther, Max</subfield>
<subfield code="e">Verfasser</subfield>
<subfield code="4">aut</subfield>
</datafield>
<datafield ind1="1" ind2="0" tag="245">
<subfield code="a">Bank- und Kapitalmarktrecht Examensklausur zum Prospekt-, Aktien- und Insiderrecht</subfield>
<subfield code="b">Fehde und Tragik in der Familie Roy</subfield>
<subfield code="c">Max Bärnreuther, Maître en Droit, Carl Alexander Strobel</subfield>
</datafield>
<datafield ind1=" " ind2="1" tag="264">
<subfield code="a">Leipzig</subfield>
<subfield code="b">Universitätsbibliothek Leipzig</subfield>
<subfield code="c">2024</subfield>
</datafield>
<datafield ind1=" " ind2=" " tag="300">
<subfield code="a">Online-Ressource</subfield>
</datafield>
<datafield ind1=" " ind2=" " tag="336">
<subfield code="a">Text</subfield>
<subfield code="b">txt</subfield>
<subfield code="2">rdacontent</subfield>
</datafield>
<datafield ind1=" " ind2=" " tag="337">
<subfield code="a">Computermedien</subfield>
<subfield code="b">c</subfield>
<subfield code="2">rdamedia</subfield>
</datafield>
<datafield ind1=" " ind2=" " tag="338">
<subfield code="a">Online-Ressource</subfield>
<subfield code="b">cr</subfield>
<subfield code="2">rdacarrier</subfield>
</datafield>
<datafield ind1="1" ind2=" " tag="583">
<subfield code="a">Archivierung/Langzeitarchivierung gewährleistet</subfield>
<subfield code="5">DE-101</subfield>
<subfield code="2">pdager</subfield>
</datafield>
<datafield ind1=" " ind2="7" tag="650">
<subfield code="8">6\p</subfield>
<subfield code="0">(DE-588)7573652-4</subfield>
<subfield code="0">https://d-nb.info/gnd/7573652-4</subfield>
<subfield code="0">(DE-101)984746099</subfield>
<subfield code="a">Kapitalmarktrecht</subfield>
<subfield code="2">gnd</subfield>
</datafield>
<datafield ind1=" " ind2="7" tag="650">
<subfield code="8">7\p</subfield>
<subfield code="0">(DE-588)4114025-4</subfield>
<subfield code="0">https://d-nb.info/gnd/4114025-4</subfield>
<subfield code="0">(DE-101)041140257</subfield>
<subfield code="a">Insidergeschäft</subfield>
<subfield code="2">gnd</subfield>
</datafield>
<datafield ind1=" " ind2="7" tag="650">
<subfield code="8">8\p</subfield>
<subfield code="0">(DE-588)4132213-7</subfield>
<subfield code="0">https://d-nb.info/gnd/4132213-7</subfield>
<subfield code="0">(DE-101)041322134</subfield>
<subfield code="a">Prospekthaftung</subfield>
<subfield code="2">gnd</subfield>
</datafield>
<datafield ind1=" " ind2="7" tag="650">
<subfield code="8">9\p</subfield>
<subfield code="0">(DE-588)4048737-4</subfield>
<subfield code="0">https://d-nb.info/gnd/4048737-4</subfield>
<subfield code="0">(DE-101)040487377</subfield>
<subfield code="a">Recht</subfield>
<subfield code="2">gnd</subfield>
</datafield>
<datafield ind1=" " ind2="7" tag="651">
<subfield code="8">5\p</subfield>
<subfield code="0">(DE-588)4011882-4</subfield>
<subfield code="0">https://d-nb.info/gnd/4011882-4</subfield>
<subfield code="0">(DE-101)040118827</subfield>
<subfield code="a">Deutschland</subfield>
<subfield code="2">gnd</subfield>
</datafield>
<datafield ind1=" " ind2=" " tag="653">
<subfield code="a">Prospekthaftung nach § 9 WpPG</subfield>
</datafield>
<datafield ind1=" " ind2=" " tag="653">
<subfield code="a">Unvollständigkeit des Prospekts</subfield>
</datafield>
<datafield ind1=" " ind2=" " tag="653">
<subfield code="a">Anforderungen an den Nachweis fehlender haftungsbegründender Kausalität nach § 12 Abs. 2 Nr. 1 WpPG</subfield>
</datafield>
<datafield ind1=" " ind2=" " tag="653">
<subfield code="a">Ansprüche bei rechtswidrigem Bezugsrechtsausschluss</subfield>
</datafield>
<datafield ind1=" " ind2=" " tag="653">
<subfield code="a">Rechtsverlust nach § 44 Abs. 1 S. 1 WpHG</subfield>
</datafield>
<datafield ind1=" " ind2=" " tag="653">
<subfield code="a">Strafbarkeit bei Insiderhandel</subfield>
</datafield>
<datafield ind1="1" ind2=" " tag="700">
<subfield code="8">3\p</subfield>
<subfield code="a">en Droit, Maître</subfield>
<subfield code="e">Verfasser</subfield>
<subfield code="4">aut</subfield>
</datafield>
<datafield ind1="1" ind2=" " tag="700">
<subfield code="8">4\p</subfield>
<subfield code="a">Strobel, Carl Alexander</subfield>
<subfield code="e">Verfasser</subfield>
<subfield code="4">aut</subfield>
</datafield>
<datafield ind1="0" ind2="8" tag="773">
<subfield code="t">In: Jura. 44(6),S. 717-726. ISSN: 0170-1452</subfield>
</datafield>
<datafield ind1=" " ind2=" " tag="850">
<subfield code="a">DE-101a</subfield>
<subfield code="a">DE-101b</subfield>
</datafield>
<datafield ind1="4" ind2="0" tag="856">
<subfield code="u">https://nbn-resolving.org/urn:nbn:de:bsz:15-qucosa2-914320</subfield>
<subfield code="x">Resolving-System</subfield>
</datafield>
<datafield ind1=" " ind2="0" tag="856">
<subfield code="u">https://d-nb.info/1332856918/34</subfield>
<subfield code="x">Langzeitarchivierung Nationalbibliothek</subfield>
</datafield>
<datafield ind1="4" ind2=" " tag="856">
<subfield code="z">kostenfrei</subfield>
</datafield>
<datafield ind1="1" ind2=" " tag="883">
<subfield code="8">1\p</subfield>
<subfield code="a">npi</subfield>
<subfield code="d">20240613</subfield>
<subfield code="q">DE-101</subfield>
<subfield code="u">https://d-nb.info/provenance/plan#npi</subfield>
</datafield>
<datafield ind1="1" ind2=" " tag="883">
<subfield code="8">2\p</subfield>
<subfield code="a">npi</subfield>
<subfield code="d">20240613</subfield>
<subfield code="q">DE-101</subfield>
<subfield code="u">https://d-nb.info/provenance/plan#npi</subfield>
</datafield>
<datafield ind1="1" ind2=" " tag="883">
<subfield code="8">3\p</subfield>
<subfield code="a">npi</subfield>
<subfield code="d">20240613</subfield>
<subfield code="q">DE-101</subfield>
<subfield code="u">https://d-nb.info/provenance/plan#npi</subfield>
</datafield>
<datafield ind1="1" ind2=" " tag="883">
<subfield code="8">4\p</subfield>
<subfield code="a">npi</subfield>
<subfield code="d">20240613</subfield>
<subfield code="q">DE-101</subfield>
<subfield code="u">https://d-nb.info/provenance/plan#npi</subfield>
</datafield>
<datafield ind1="0" ind2=" " tag="883">
<subfield code="8">5\p</subfield>
<subfield code="a">emagnd</subfield>
<subfield code="c">0,72314</subfield>
<subfield code="d">20240614</subfield>
<subfield code="q">DE-101</subfield>
<subfield code="u">https://d-nb.info/provenance/plan#emagnd</subfield>
</datafield>
<datafield ind1="0" ind2=" " tag="883">
<subfield code="8">6\p</subfield>
<subfield code="a">emagnd</subfield>
<subfield code="c">0,16735</subfield>
<subfield code="d">20240614</subfield>
<subfield code="q">DE-101</subfield>
<subfield code="u">https://d-nb.info/provenance/plan#emagnd</subfield>
</datafield>
<datafield ind1="0" ind2=" " tag="883">
<subfield code="8">7\p</subfield>
<subfield code="a">emagnd</subfield>
<subfield code="c">0,09107</subfield>
<subfield code="d">20240614</subfield>
<subfield code="q">DE-101</subfield>
<subfield code="u">https://d-nb.info/provenance/plan#emagnd</subfield>
</datafield>
<datafield ind1="0" ind2=" " tag="883">
<subfield code="8">8\p</subfield>
<subfield code="a">emagnd</subfield>
<subfield code="c">0,06869</subfield>
<subfield code="d">20240614</subfield>
<subfield code="q">DE-101</subfield>
<subfield code="u">https://d-nb.info/provenance/plan#emagnd</subfield>
</datafield>
<datafield ind1="0" ind2=" " tag="883">
<subfield code="8">9\p</subfield>
<subfield code="a">emagnd</subfield>
<subfield code="c">0,04882</subfield>
<subfield code="d">20240614</subfield>
<subfield code="q">DE-101</subfield>
<subfield code="u">https://d-nb.info/provenance/plan#emagnd</subfield>
</datafield>
<datafield ind1="0" ind2=" " tag="883">
<subfield code="8">10\p</subfield>
<subfield code="a">emasg</subfield>
<subfield code="c">0,93724</subfield>
<subfield code="d">20240614</subfield>
<subfield code="q">DE-101</subfield>
<subfield code="u">https://d-nb.info/provenance/plan#emasg</subfield>
</datafield>
<datafield ind1="r" ind2=" " tag="925">
<subfield code="a">ro</subfield>
<subfield code="a">rb</subfield>
</datafield>
<datafield ind1=" " ind2=" " tag="927">
<subfield code="a">23363584</subfield>
</datafield>
</record>