<record type="Bibliographic" xmlns="http://www.loc.gov/MARC21/slim">
<leader>00000nam a22000008cb4500</leader>
<controlfield tag="001">1343027144</controlfield>
<controlfield tag="003">DE-101</controlfield>
<controlfield tag="005">20240924213920.0</controlfield>
<controlfield tag="007">cr||||||||||||</controlfield>
<controlfield tag="008">240924r20241970gw |||||o|||| 00||||ger  </controlfield>
<datafield ind1="7" ind2=" " tag="016">
<subfield code="2">DE-101</subfield>
<subfield code="a">1343027144</subfield>
</datafield>
<datafield ind1=" " ind2=" " tag="035">
<subfield code="a">(DE-599)DNB1343027144</subfield>
</datafield>
<datafield ind1=" " ind2=" " tag="040">
<subfield code="a">1140</subfield>
<subfield code="b">ger</subfield>
<subfield code="c">DE-101</subfield>
<subfield code="d">9999</subfield>
</datafield>
<datafield ind1=" " ind2=" " tag="041">
<subfield code="a">ger</subfield>
</datafield>
<datafield ind1=" " ind2=" " tag="044">
<subfield code="c">XA-DE</subfield>
</datafield>
<datafield ind1="1" ind2=" " tag="100">
<subfield code="8">1\p</subfield>
<subfield code="0">(DE-588)1211692507</subfield>
<subfield code="0">https://d-nb.info/gnd/1211692507</subfield>
<subfield code="0">(DE-101)1211692507</subfield>
<subfield code="a">Nagel, H. C.</subfield>
<subfield code="d">1924-2016</subfield>
<subfield code="e">Verfasser</subfield>
<subfield code="4">aut</subfield>
<subfield code="2">gnd</subfield>
</datafield>
<datafield ind1="1" ind2="0" tag="245">
<subfield code="a">Die Kingsford-Fehde</subfield>
<subfield code="c">H. C. Nagel</subfield>
</datafield>
<datafield ind1=" " ind2="1" tag="264">
<subfield code="a">Leipzig</subfield>
<subfield code="a">Frankfurt am Main</subfield>
<subfield code="b">Deutsche Nationalbibliothek</subfield>
<subfield code="c">2024</subfield>
</datafield>
<datafield ind1=" " ind2=" " tag="300">
<subfield code="a">1 Online-Ressource (60 S.)</subfield>
</datafield>
<datafield ind1=" " ind2=" " tag="336">
<subfield code="a">Text</subfield>
<subfield code="b">txt</subfield>
<subfield code="2">rdacontent</subfield>
</datafield>
<datafield ind1=" " ind2=" " tag="337">
<subfield code="a">Computermedien</subfield>
<subfield code="b">c</subfield>
<subfield code="2">rdamedia</subfield>
</datafield>
<datafield ind1=" " ind2=" " tag="338">
<subfield code="a">Online-Ressource</subfield>
<subfield code="b">cr</subfield>
<subfield code="2">rdacarrier</subfield>
</datafield>
<datafield ind1="1" ind2=" " tag="490">
<subfield code="a">Top-Western Express</subfield>
<subfield code="v">535</subfield>
</datafield>
<datafield ind1="0" ind2="8" tag="776">
<subfield code="i">Elektronische Reproduktion von</subfield>
<subfield code="a">Nagel, H. C., 1924-2016</subfield>
<subfield code="t">Die Kingsford-Fehde</subfield>
<subfield code="d">Castrop-Rauxel : Indra-Verl., [1970]</subfield>
<subfield code="h">60 S.</subfield>
<subfield code="w">(DE-101)364422246</subfield>
</datafield>
<datafield ind1=" " ind2="0" tag="830">
<subfield code="a">Top-Western Express</subfield>
<subfield code="v">535</subfield>
<subfield code="w">(DE-101)134300456X</subfield>
<subfield code="w">(DE-600)3197378-4</subfield>
<subfield code="9">3535</subfield>
<subfield code="7">as</subfield>
</datafield>
<datafield ind1="2" ind2=" " tag="883">
<subfield code="8">1\p</subfield>
<subfield code="a">dnb</subfield>
<subfield code="d">20200612</subfield>
<subfield code="q">DE-101</subfield>
<subfield code="u">https://d-nb.info/provenance/plan#dnb</subfield>
</datafield>
<datafield ind1="d" ind2=" " tag="925">
<subfield code="a">d003</subfield>
<subfield code="b">2d004</subfield>
</datafield>
<datafield ind1="w" ind2=" " tag="925">
<subfield code="a">f</subfield>
</datafield>
</record>