<record type="Bibliographic" xmlns="http://www.loc.gov/MARC21/slim">
<leader>00000nam a2200000uc 4500</leader>
<controlfield tag="001">1334161828</controlfield>
<controlfield tag="003">DE-101</controlfield>
<controlfield tag="005">20250615171619.0</controlfield>
<controlfield tag="007">cr||||||||||||</controlfield>
<controlfield tag="008">240627s2024    gw |||||o|||| 00||||ger  </controlfield>
<datafield ind1=" " ind2=" " tag="015">
<subfield code="a">24,O07</subfield>
<subfield code="2">dnb</subfield>
</datafield>
<datafield ind1="7" ind2=" " tag="016">
<subfield code="2">DE-101</subfield>
<subfield code="a">1334161828</subfield>
</datafield>
<datafield ind1=" " ind2=" " tag="020">
<subfield code="a">9783841229083</subfield>
<subfield code="9">978-3-8412-2908-3</subfield>
</datafield>
<datafield ind1="7" ind2=" " tag="024">
<subfield code="2">urn</subfield>
<subfield code="a">urn:nbn:de:101:1-2406270010404.766750469460</subfield>
</datafield>
<datafield ind1="5" ind2="2" tag="028">
<subfield code="a">Bestellnummer: 216/02908</subfield>
</datafield>
<datafield ind1=" " ind2=" " tag="035">
<subfield code="a">(DE-599)DNB1334161828</subfield>
</datafield>
<datafield ind1=" " ind2=" " tag="035">
<subfield code="a">(OCoLC)1445455464</subfield>
</datafield>
<datafield ind1=" " ind2=" " tag="040">
<subfield code="a">1140</subfield>
<subfield code="b">ger</subfield>
<subfield code="c">DE-101</subfield>
<subfield code="d">9999</subfield>
</datafield>
<datafield ind1=" " ind2=" " tag="041">
<subfield code="8">1\p</subfield>
<subfield code="a">ger</subfield>
<subfield code="h">eng</subfield>
</datafield>
<datafield ind1=" " ind2=" " tag="044">
<subfield code="c">XA-DE-BE</subfield>
</datafield>
<datafield ind1="7" ind2="4" tag="082">
<subfield code="8">5\p</subfield>
<subfield code="a">830</subfield>
<subfield code="a">B</subfield>
<subfield code="q">DE-101</subfield>
<subfield code="2">23sdnb</subfield>
</datafield>
<datafield ind1="1" ind2=" " tag="100">
<subfield code="8">2\p</subfield>
<subfield code="a">Gortner, C. W.</subfield>
<subfield code="e">Verfasser</subfield>
<subfield code="4">aut</subfield>
</datafield>
<datafield ind1="1" ind2="0" tag="240">
<subfield code="8">4\p</subfield>
<subfield code="a">The Tudor Vendetta</subfield>
</datafield>
<datafield ind1="1" ind2="0" tag="245">
<subfield code="a">Die Tudor Fehde</subfield>
<subfield code="c">C. W. Gortner</subfield>
</datafield>
<datafield ind1=" " ind2=" " tag="250">
<subfield code="a">1. Auflage</subfield>
</datafield>
<datafield ind1=" " ind2=" " tag="259">
<subfield code="a">11</subfield>
</datafield>
<datafield ind1=" " ind2="1" tag="264">
<subfield code="a">Berlin</subfield>
<subfield code="b">Aufbau Digital</subfield>
<subfield code="c">2024</subfield>
</datafield>
<datafield ind1=" " ind2=" " tag="300">
<subfield code="a">Online-Ressource, 384 Seiten</subfield>
</datafield>
<datafield ind1=" " ind2=" " tag="336">
<subfield code="a">Text</subfield>
<subfield code="b">txt</subfield>
<subfield code="2">rdacontent</subfield>
</datafield>
<datafield ind1=" " ind2=" " tag="337">
<subfield code="a">Computermedien</subfield>
<subfield code="b">c</subfield>
<subfield code="2">rdamedia</subfield>
</datafield>
<datafield ind1=" " ind2=" " tag="338">
<subfield code="a">Online-Ressource</subfield>
<subfield code="b">cr</subfield>
<subfield code="2">rdacarrier</subfield>
</datafield>
<datafield ind1="1" ind2=" " tag="490">
<subfield code="a">Die große Tudor Saga</subfield>
<subfield code="v">3</subfield>
</datafield>
<datafield ind1="1" ind2=" " tag="583">
<subfield code="a">Archivierung/Langzeitarchivierung gewährleistet</subfield>
<subfield code="5">DE-101</subfield>
<subfield code="2">pdager</subfield>
</datafield>
<datafield ind1=" " ind2=" " tag="653">
<subfield code="a">(Produktform)Electronic book text</subfield>
</datafield>
<datafield ind1=" " ind2=" " tag="653">
<subfield code="a">(BISAC Subject Heading)FIC027150</subfield>
</datafield>
<datafield ind1=" " ind2=" " tag="653">
<subfield code="a">(BISAC Subject Heading)FIC027070: FICTION / Romance / Historical / Regency</subfield>
</datafield>
<datafield ind1=" " ind2=" " tag="653">
<subfield code="a">(BISAC Subject Heading)FIC027050: FICTION / Romance / Historical / General</subfield>
</datafield>
<datafield ind1=" " ind2=" " tag="653">
<subfield code="a">(BISAC Subject Heading)FIC027000: FICTION / Romance / General</subfield>
</datafield>
<datafield ind1=" " ind2=" " tag="653">
<subfield code="a">(BISAC Subject Heading)FIC014000: FICTION / Historical / General</subfield>
</datafield>
<datafield ind1=" " ind2=" " tag="653">
<subfield code="a">Tudor Dynastie</subfield>
</datafield>
<datafield ind1=" " ind2=" " tag="653">
<subfield code="a">Tudors</subfield>
</datafield>
<datafield ind1=" " ind2=" " tag="653">
<subfield code="a">Regentin</subfield>
</datafield>
<datafield ind1=" " ind2=" " tag="653">
<subfield code="a">Rebecca Gablé</subfield>
</datafield>
<datafield ind1=" " ind2=" " tag="653">
<subfield code="a">Heirat</subfield>
</datafield>
<datafield ind1=" " ind2=" " tag="653">
<subfield code="a">Königin</subfield>
</datafield>
<datafield ind1=" " ind2=" " tag="653">
<subfield code="a">Philippa Gregory</subfield>
</datafield>
<datafield ind1=" " ind2=" " tag="653">
<subfield code="a">(VLB-WN)9113: Belletristik/Historische Romane, Erzählungen</subfield>
</datafield>
<datafield ind1=" " ind2="7" tag="655">
<subfield code="0">(DE-101)1010836978</subfield>
<subfield code="a">Historische Romane und Erzählungen</subfield>
<subfield code="2">gatbeg</subfield>
</datafield>
<datafield ind1="1" ind2=" " tag="700">
<subfield code="8">3\p</subfield>
<subfield code="0">(DE-588)113858671</subfield>
<subfield code="0">https://d-nb.info/gnd/113858671</subfield>
<subfield code="0">(DE-101)113858671</subfield>
<subfield code="a">Pfaffinger, Peter</subfield>
<subfield code="e">Übersetzer</subfield>
<subfield code="4">trl</subfield>
<subfield code="2">gnd</subfield>
</datafield>
<datafield ind1=" " ind2="0" tag="830">
<subfield code="a">Die große Tudor Saga</subfield>
<subfield code="v">3</subfield>
</datafield>
<datafield ind1=" " ind2=" " tag="850">
<subfield code="a">DE-101a</subfield>
<subfield code="a">DE-101b</subfield>
</datafield>
<datafield ind1="4" ind2="0" tag="856">
<subfield code="u">https://nbn-resolving.org/urn:nbn:de:101:1-2406270010404.766750469460</subfield>
<subfield code="x">Resolving-System</subfield>
</datafield>
<datafield ind1=" " ind2="0" tag="856">
<subfield code="u">https://d-nb.info/1334161828/34</subfield>
<subfield code="x">Langzeitarchivierung Nationalbibliothek</subfield>
</datafield>
<datafield ind1="4" ind2=" " tag="856">
<subfield code="q">epub</subfield>
</datafield>
<datafield ind1="1" ind2=" " tag="883">
<subfield code="8">1\p</subfield>
<subfield code="a">npi</subfield>
<subfield code="d">20240627</subfield>
<subfield code="q">DE-101</subfield>
<subfield code="u">https://d-nb.info/provenance/plan#npi</subfield>
</datafield>
<datafield ind1="1" ind2=" " tag="883">
<subfield code="8">2\p</subfield>
<subfield code="a">npi</subfield>
<subfield code="d">20240627</subfield>
<subfield code="q">DE-101</subfield>
<subfield code="u">https://d-nb.info/provenance/plan#npi</subfield>
</datafield>
<datafield ind1="0" ind2=" " tag="883">
<subfield code="8">3\p</subfield>
<subfield code="a">ptc001</subfield>
<subfield code="d">20250611</subfield>
<subfield code="q">DE-101</subfield>
<subfield code="u">https://d-nb.info/provenance/plan#ptc001</subfield>
</datafield>
<datafield ind1="1" ind2=" " tag="883">
<subfield code="8">4\p</subfield>
<subfield code="a">npi</subfield>
<subfield code="d">20240627</subfield>
<subfield code="q">DE-101</subfield>
<subfield code="u">https://d-nb.info/provenance/plan#npi</subfield>
</datafield>
<datafield ind1="1" ind2=" " tag="883">
<subfield code="8">5\p</subfield>
<subfield code="a">npi</subfield>
<subfield code="d">20240627</subfield>
<subfield code="q">DE-101</subfield>
<subfield code="u">https://d-nb.info/provenance/plan#npi</subfield>
</datafield>
<datafield ind1="r" ind2=" " tag="925">
<subfield code="a">ro</subfield>
<subfield code="a">ra</subfield>
</datafield>
<datafield ind1="1" ind2=" " tag="926">
<subfield code="a">FV</subfield>
<subfield code="o">93</subfield>
<subfield code="v">1.5</subfield>
<subfield code="x">Historischer Roman</subfield>
</datafield>
<datafield ind1="2" ind2=" " tag="926">
<subfield code="a">3MD</subfield>
<subfield code="o">96</subfield>
<subfield code="v">1.5</subfield>
<subfield code="x">16. Jahrhundert (1500 bis 1599 n. Chr.)</subfield>
</datafield>
<datafield ind1="2" ind2=" " tag="926">
<subfield code="a">1DDU-GB-E</subfield>
<subfield code="o">94</subfield>
<subfield code="v">1.5</subfield>
<subfield code="x">England</subfield>
</datafield>
<datafield ind1=" " ind2=" " tag="927">
<subfield code="a">282689538</subfield>
</datafield>
</record>