<record type="Bibliographic" xmlns="http://www.loc.gov/MARC21/slim">
<leader>00000nam a2200000 c 4500</leader>
<controlfield tag="001">1338608967</controlfield>
<controlfield tag="003">DE-101</controlfield>
<controlfield tag="005">20241218220056.0</controlfield>
<controlfield tag="007">tu</controlfield>
<controlfield tag="008">240812s2024    gw ||||| |||| 00||||ger  </controlfield>
<datafield ind1=" " ind2=" " tag="015">
<subfield code="a">24,B51</subfield>
<subfield code="2">dnb</subfield>
</datafield>
<datafield ind1="7" ind2=" " tag="016">
<subfield code="2">DE-101</subfield>
<subfield code="a">1338608967</subfield>
</datafield>
<datafield ind1=" " ind2=" " tag="020">
<subfield code="a">9789403750408</subfield>
<subfield code="c">Broschur</subfield>
<subfield code="9">978-94-037-5040-8</subfield>
</datafield>
<datafield ind1=" " ind2=" " tag="035">
<subfield code="a">(DE-599)DNB1338608967</subfield>
</datafield>
<datafield ind1=" " ind2=" " tag="035">
<subfield code="a">(OCoLC)1479737557</subfield>
</datafield>
<datafield ind1=" " ind2=" " tag="040">
<subfield code="a">1180</subfield>
<subfield code="b">ger</subfield>
<subfield code="c">DE-101</subfield>
<subfield code="d">9999</subfield>
<subfield code="e">rda</subfield>
</datafield>
<datafield ind1=" " ind2=" " tag="041">
<subfield code="a">ger</subfield>
</datafield>
<datafield ind1=" " ind2=" " tag="044">
<subfield code="c">XA-DE</subfield>
</datafield>
<datafield ind1="7" ind2="4" tag="082">
<subfield code="8">2\p</subfield>
<subfield code="a">830</subfield>
<subfield code="a">B</subfield>
<subfield code="q">DE-101</subfield>
<subfield code="2">23sdnb</subfield>
</datafield>
<datafield ind1="0" ind2="0" tag="245">
<subfield code="a">Soester Fehde(n)</subfield>
<subfield code="b">Streitbares aus 1400 Jahren Geschichte</subfield>
<subfield code="c">erdacht und begleitet von Mitgliedern des BördeAutoren e.V.</subfield>
</datafield>
<datafield ind1="3" ind2=" " tag="246">
<subfield code="a">Soester Fehden</subfield>
</datafield>
<datafield ind1="3" ind2=" " tag="246">
<subfield code="a">Soester Fehde</subfield>
</datafield>
<datafield ind1=" " ind2="1" tag="264">
<subfield code="a">[Möhnesee]</subfield>
<subfield code="b">BördeAutoren e.V.</subfield>
<subfield code="c">2024</subfield>
</datafield>
<datafield ind1=" " ind2=" " tag="300">
<subfield code="a">153 Seiten</subfield>
<subfield code="b">Illustrationen</subfield>
<subfield code="c">21 cm</subfield>
</datafield>
<datafield ind1=" " ind2=" " tag="336">
<subfield code="a">Text</subfield>
<subfield code="b">txt</subfield>
<subfield code="2">rdacontent</subfield>
</datafield>
<datafield ind1=" " ind2=" " tag="337">
<subfield code="a">ohne Hilfsmittel zu benutzen</subfield>
<subfield code="b">n</subfield>
<subfield code="2">rdamedia</subfield>
</datafield>
<datafield ind1=" " ind2=" " tag="338">
<subfield code="a">Band</subfield>
<subfield code="b">nc</subfield>
<subfield code="2">rdacarrier</subfield>
</datafield>
<datafield ind1=" " ind2="7" tag="655">
<subfield code="0">(DE-588)4002214-6</subfield>
<subfield code="0">https://d-nb.info/gnd/4002214-6</subfield>
<subfield code="0">(DE-101)040022145</subfield>
<subfield code="a">Anthologie</subfield>
<subfield code="2">gnd-content</subfield>
</datafield>
<datafield ind1=" " ind2="7" tag="655">
<subfield code="0">(DE-101)1010839047</subfield>
<subfield code="a">Erzählende Literatur: Anthologien</subfield>
<subfield code="2">gatbeg</subfield>
</datafield>
<datafield ind1="2" ind2=" " tag="710">
<subfield code="8">1\p</subfield>
<subfield code="0">(DE-588)1350505161</subfield>
<subfield code="0">https://d-nb.info/gnd/1350505161</subfield>
<subfield code="0">(DE-101)1350505161</subfield>
<subfield code="a">BördeAutoren</subfield>
<subfield code="e">Verfasser</subfield>
<subfield code="4">aut</subfield>
<subfield code="2">gnd</subfield>
</datafield>
<datafield ind1=" " ind2=" " tag="850">
<subfield code="a">DE-101a</subfield>
<subfield code="a">DE-101b</subfield>
</datafield>
<datafield ind1="4" ind2="2" tag="856">
<subfield code="m">B:DE-101</subfield>
<subfield code="q">application/pdf</subfield>
<subfield code="u">https://d-nb.info/1338608967/04</subfield>
<subfield code="3">Inhaltsverzeichnis</subfield>
</datafield>
<datafield ind1="2" ind2=" " tag="883">
<subfield code="8">1\p</subfield>
<subfield code="a">dnb</subfield>
<subfield code="d">20241209</subfield>
<subfield code="q">DE-101</subfield>
<subfield code="u">https://d-nb.info/provenance/plan#dnb</subfield>
</datafield>
<datafield ind1="2" ind2=" " tag="883">
<subfield code="8">2\p</subfield>
<subfield code="a">dnb</subfield>
<subfield code="d">20241210</subfield>
<subfield code="q">DE-101</subfield>
<subfield code="u">https://d-nb.info/provenance/plan#dnb</subfield>
</datafield>
<datafield ind1="r" ind2=" " tag="925">
<subfield code="a">rb</subfield>
</datafield>
</record>