<record type="Bibliographic" xmlns="http://www.loc.gov/MARC21/slim">
<leader>00000nam a2200000uc 4500</leader>
<controlfield tag="001">1343890691</controlfield>
<controlfield tag="003">DE-101</controlfield>
<controlfield tag="005">20241106224315.0</controlfield>
<controlfield tag="007">cr||||||||||||</controlfield>
<controlfield tag="008">241003s2024    gw |||||o|||| 00||||ger  </controlfield>
<datafield ind1=" " ind2=" " tag="015">
<subfield code="a">24,O11</subfield>
<subfield code="2">dnb</subfield>
</datafield>
<datafield ind1="7" ind2=" " tag="016">
<subfield code="2">DE-101</subfield>
<subfield code="a">1343890691</subfield>
</datafield>
<datafield ind1="7" ind2=" " tag="024">
<subfield code="2">urn</subfield>
<subfield code="a">urn:nbn:de:101:1-2410030053205.074543072763</subfield>
</datafield>
<datafield ind1=" " ind2=" " tag="035">
<subfield code="a">(DE-599)DNB1343890691</subfield>
</datafield>
<datafield ind1=" " ind2=" " tag="035">
<subfield code="a">(OCoLC)1466985139</subfield>
</datafield>
<datafield ind1=" " ind2=" " tag="040">
<subfield code="a">1240</subfield>
<subfield code="b">ger</subfield>
<subfield code="c">DE-101</subfield>
<subfield code="d">9999</subfield>
</datafield>
<datafield ind1=" " ind2=" " tag="041">
<subfield code="8">1\p</subfield>
<subfield code="a">ger</subfield>
</datafield>
<datafield ind1=" " ind2=" " tag="044">
<subfield code="c">XA-DE-BW</subfield>
</datafield>
<datafield ind1="7" ind2="4" tag="082">
<subfield code="8">3\p</subfield>
<subfield code="a">830</subfield>
<subfield code="a">B</subfield>
<subfield code="q">DE-101</subfield>
<subfield code="2">23sdnb</subfield>
</datafield>
<datafield ind1="1" ind2=" " tag="100">
<subfield code="8">2\p</subfield>
<subfield code="a">Tamen, Mara</subfield>
<subfield code="e">Verfasser</subfield>
<subfield code="4">aut</subfield>
</datafield>
<datafield ind1="1" ind2="0" tag="245">
<subfield code="a">Sylter Fehde</subfield>
<subfield code="b">Tödliche Wellen</subfield>
<subfield code="c">Mara Tamen</subfield>
</datafield>
<datafield ind1=" " ind2="1" tag="264">
<subfield code="a">Fellbach</subfield>
<subfield code="b">Denise Berndt c/o Block Services</subfield>
<subfield code="c">2024</subfield>
</datafield>
<datafield ind1=" " ind2=" " tag="300">
<subfield code="a">Online-Ressource</subfield>
</datafield>
<datafield ind1=" " ind2=" " tag="336">
<subfield code="a">Text</subfield>
<subfield code="b">txt</subfield>
<subfield code="2">rdacontent</subfield>
</datafield>
<datafield ind1=" " ind2=" " tag="337">
<subfield code="a">Computermedien</subfield>
<subfield code="b">c</subfield>
<subfield code="2">rdamedia</subfield>
</datafield>
<datafield ind1=" " ind2=" " tag="338">
<subfield code="a">Online-Ressource</subfield>
<subfield code="b">cr</subfield>
<subfield code="2">rdacarrier</subfield>
</datafield>
<datafield ind1=" " ind2=" " tag="500">
<subfield code="a">Lizenzpflichtig</subfield>
</datafield>
<datafield ind1="1" ind2=" " tag="583">
<subfield code="a">Archivierung/Langzeitarchivierung gewährleistet</subfield>
<subfield code="5">DE-101</subfield>
<subfield code="2">pdager</subfield>
</datafield>
<datafield ind1=" " ind2=" " tag="850">
<subfield code="a">DE-101a</subfield>
<subfield code="a">DE-101b</subfield>
</datafield>
<datafield ind1="4" ind2="0" tag="856">
<subfield code="u">https://nbn-resolving.org/urn:nbn:de:101:1-2410030053205.074543072763</subfield>
<subfield code="x">Resolving-System</subfield>
</datafield>
<datafield ind1=" " ind2="0" tag="856">
<subfield code="u">https://d-nb.info/1343890691/34</subfield>
<subfield code="x">Langzeitarchivierung Nationalbibliothek</subfield>
</datafield>
<datafield ind1="4" ind2=" " tag="856">
<subfield code="q">epub</subfield>
<subfield code="u">https://www.amazon.de/dp/B0CW99PJM7</subfield>
<subfield code="x">Verlag</subfield>
</datafield>
<datafield ind1="1" ind2=" " tag="883">
<subfield code="8">1\p</subfield>
<subfield code="a">npi</subfield>
<subfield code="d">20241003</subfield>
<subfield code="q">DE-101</subfield>
<subfield code="u">https://d-nb.info/provenance/plan#npi</subfield>
</datafield>
<datafield ind1="1" ind2=" " tag="883">
<subfield code="8">2\p</subfield>
<subfield code="a">npi</subfield>
<subfield code="d">20241003</subfield>
<subfield code="q">DE-101</subfield>
<subfield code="u">https://d-nb.info/provenance/plan#npi</subfield>
</datafield>
<datafield ind1="1" ind2=" " tag="883">
<subfield code="8">3\p</subfield>
<subfield code="a">npi</subfield>
<subfield code="d">20241003</subfield>
<subfield code="q">DE-101</subfield>
<subfield code="u">https://d-nb.info/provenance/plan#npi</subfield>
</datafield>
<datafield ind1="r" ind2=" " tag="925">
<subfield code="a">ro</subfield>
<subfield code="a">ra</subfield>
</datafield>
<datafield ind1=" " ind2=" " tag="927">
<subfield code="a">794755075</subfield>
</datafield>
</record>