<record type="Bibliographic" xmlns="http://www.loc.gov/MARC21/slim">
<leader>00000nam a2200000 cb4500</leader>
<controlfield tag="001">130383068X</controlfield>
<controlfield tag="003">DE-101</controlfield>
<controlfield tag="005">20240310062337.0</controlfield>
<controlfield tag="007">cr||||||||||||</controlfield>
<controlfield tag="008">230925r20231964gw |||||o|||| 00||||ger  </controlfield>
<datafield ind1="7" ind2=" " tag="016">
<subfield code="2">DE-101</subfield>
<subfield code="a">130383068X</subfield>
</datafield>
<datafield ind1="7" ind2=" " tag="024">
<subfield code="2">urn</subfield>
<subfield code="a">urn:nbn:de:101:1-2024031006233789868882</subfield>
</datafield>
<datafield ind1=" " ind2=" " tag="035">
<subfield code="a">(DE-599)DNB130383068X</subfield>
</datafield>
<datafield ind1=" " ind2=" " tag="040">
<subfield code="a">1140</subfield>
<subfield code="b">ger</subfield>
<subfield code="c">DE-101</subfield>
<subfield code="d">0292</subfield>
</datafield>
<datafield ind1=" " ind2=" " tag="041">
<subfield code="a">ger</subfield>
</datafield>
<datafield ind1=" " ind2=" " tag="044">
<subfield code="c">XA-DE</subfield>
</datafield>
<datafield ind1="1" ind2=" " tag="100">
<subfield code="0">(DE-588)1196814252</subfield>
<subfield code="0">https://d-nb.info/gnd/1196814252</subfield>
<subfield code="0">(DE-101)1196814252</subfield>
<subfield code="a">Robinson, Bill</subfield>
<subfield code="d">1928-</subfield>
<subfield code="e">Verfasser</subfield>
<subfield code="4">aut</subfield>
<subfield code="2">gnd</subfield>
</datafield>
<datafield ind1="1" ind2="0" tag="245">
<subfield code="a">Blutige Fehde am Blue Canyon</subfield>
<subfield code="c">Bill Robinson</subfield>
</datafield>
<datafield ind1=" " ind2="1" tag="264">
<subfield code="a">Leipzig</subfield>
<subfield code="a">Frankfurt am Main</subfield>
<subfield code="b">Deutsche Nationalbibliothek</subfield>
<subfield code="c">2023</subfield>
</datafield>
<datafield ind1=" " ind2=" " tag="300">
<subfield code="a">1 Online-Ressource (66 S.)</subfield>
</datafield>
<datafield ind1=" " ind2=" " tag="336">
<subfield code="a">Text</subfield>
<subfield code="b">txt</subfield>
<subfield code="2">rdacontent</subfield>
</datafield>
<datafield ind1=" " ind2=" " tag="337">
<subfield code="a">Computermedien</subfield>
<subfield code="b">c</subfield>
<subfield code="2">rdamedia</subfield>
</datafield>
<datafield ind1=" " ind2=" " tag="338">
<subfield code="a">Online-Ressource</subfield>
<subfield code="b">cr</subfield>
<subfield code="2">rdacarrier</subfield>
</datafield>
<datafield ind1="1" ind2=" " tag="490">
<subfield code="a">Westmann</subfield>
<subfield code="v">1076</subfield>
</datafield>
<datafield ind1="1" ind2=" " tag="583">
<subfield code="a">Archivierung/Langzeitarchivierung gewährleistet</subfield>
<subfield code="5">DE-101</subfield>
<subfield code="2">pdager</subfield>
</datafield>
<datafield ind1="0" ind2="8" tag="776">
<subfield code="i">Elektronische Reproduktion von</subfield>
<subfield code="a">Robinson, Bill, 1928-</subfield>
<subfield code="t">Blutige Fehde am Blue Canyon</subfield>
<subfield code="d">Köln : Marken, 1964</subfield>
<subfield code="h">66 S.</subfield>
<subfield code="w">(DE-101)364536810</subfield>
</datafield>
<datafield ind1=" " ind2="0" tag="830">
<subfield code="a">Westmann</subfield>
<subfield code="v">1076</subfield>
<subfield code="w">(DE-101)1303828715</subfield>
<subfield code="w">(DE-600)3168062-8</subfield>
<subfield code="9">41076</subfield>
<subfield code="7">as</subfield>
</datafield>
<datafield ind1=" " ind2=" " tag="850">
<subfield code="a">DE-101a</subfield>
<subfield code="a">DE-101b</subfield>
</datafield>
<datafield ind1="4" ind2="0" tag="856">
<subfield code="u">https://nbn-resolving.org/urn:nbn:de:101:1-2024031006233789868882</subfield>
<subfield code="x">Resolving-System</subfield>
</datafield>
<datafield ind1=" " ind2="0" tag="856">
<subfield code="u">https://d-nb.info/130383068X/34</subfield>
<subfield code="x">Langzeitarchivierung Nationalbibliothek</subfield>
</datafield>
<datafield ind1="d" ind2=" " tag="925">
<subfield code="a">d003</subfield>
<subfield code="b">2d004</subfield>
</datafield>
<datafield ind1=" " ind2=" " tag="927">
<subfield code="a">700579843</subfield>
</datafield>
</record>