<record type="Bibliographic" xmlns="http://www.loc.gov/MARC21/slim">
<leader>00000nam a2200000 c 4500</leader>
<controlfield tag="001">129075148X</controlfield>
<controlfield tag="003">DE-101</controlfield>
<controlfield tag="005">20250717083439.0</controlfield>
<controlfield tag="007">cr||||||||||||</controlfield>
<controlfield tag="008">230530r20231949gw |||||o|||| 00||||ger  </controlfield>
<datafield ind1="7" ind2=" " tag="016">
<subfield code="2">DE-101</subfield>
<subfield code="a">129075148X</subfield>
</datafield>
<datafield ind1="7" ind2=" " tag="024">
<subfield code="2">urn</subfield>
<subfield code="a">urn:nbn:de:101:1-2023110907261657418108</subfield>
</datafield>
<datafield ind1=" " ind2=" " tag="035">
<subfield code="a">(DE-599)DNB129075148X</subfield>
</datafield>
<datafield ind1=" " ind2=" " tag="040">
<subfield code="a">1140</subfield>
<subfield code="b">ger</subfield>
<subfield code="c">DE-101</subfield>
<subfield code="d">9999</subfield>
</datafield>
<datafield ind1=" " ind2=" " tag="041">
<subfield code="8">1\p</subfield>
<subfield code="a">ger</subfield>
</datafield>
<datafield ind1=" " ind2=" " tag="044">
<subfield code="c">XA-DE</subfield>
</datafield>
<datafield ind1="1" ind2=" " tag="100">
<subfield code="0">(DE-588)105278661</subfield>
<subfield code="0">https://d-nb.info/gnd/105278661</subfield>
<subfield code="0">(DE-101)105278661</subfield>
<subfield code="a">Deus, Wolf-Herbert</subfield>
<subfield code="d">1904-1983</subfield>
<subfield code="e">Verfasser</subfield>
<subfield code="4">aut</subfield>
<subfield code="2">gnd</subfield>
</datafield>
<datafield ind1="1" ind2="0" tag="245">
<subfield code="a">Die Soester Fehde</subfield>
<subfield code="b">[Festschrift der Stadt Soest zum 500. Jahrestage der Beendigung der Soester Fehde am 27. April 1949]</subfield>
<subfield code="c">Wolf-Herbert Deus</subfield>
</datafield>
<datafield ind1=" " ind2="1" tag="264">
<subfield code="a">Leipzig</subfield>
<subfield code="a">Frankfurt am Main</subfield>
<subfield code="b">Deutsche Nationalbibliothek</subfield>
<subfield code="c">2023</subfield>
</datafield>
<datafield ind1=" " ind2=" " tag="300">
<subfield code="a">1 Online-Ressource (173 S.)</subfield>
</datafield>
<datafield ind1=" " ind2=" " tag="336">
<subfield code="a">Text</subfield>
<subfield code="b">txt</subfield>
<subfield code="2">rdacontent</subfield>
</datafield>
<datafield ind1=" " ind2=" " tag="337">
<subfield code="a">Computermedien</subfield>
<subfield code="b">c</subfield>
<subfield code="2">rdamedia</subfield>
</datafield>
<datafield ind1=" " ind2=" " tag="338">
<subfield code="a">Online-Ressource</subfield>
<subfield code="b">cr</subfield>
<subfield code="2">rdacarrier</subfield>
</datafield>
<datafield ind1="1" ind2=" " tag="583">
<subfield code="a">Archivierung/Langzeitarchivierung gewährleistet</subfield>
<subfield code="5">DE-101</subfield>
<subfield code="2">pdager</subfield>
</datafield>
<datafield ind1=" " ind2="7" tag="655">
<subfield code="8">2\p</subfield>
<subfield code="0">(DE-588)4016928-5</subfield>
<subfield code="0">https://d-nb.info/gnd/4016928-5</subfield>
<subfield code="0">(DE-101)040169286</subfield>
<subfield code="a">Festschrift</subfield>
<subfield code="2">gnd-content</subfield>
</datafield>
<datafield ind1="0" ind2="8" tag="776">
<subfield code="i">Elektronische Reproduktion von</subfield>
<subfield code="a">Deus, Wolf-Herbert, 1904-1983</subfield>
<subfield code="t">Die Soester Fehde</subfield>
<subfield code="d">Soest : Ritter in Komm., 1949</subfield>
<subfield code="h">173 S.</subfield>
<subfield code="w">(DE-101)450911772</subfield>
</datafield>
<datafield ind1=" " ind2=" " tag="850">
<subfield code="a">DE-101a</subfield>
<subfield code="a">DE-101b</subfield>
</datafield>
<datafield ind1="4" ind2="0" tag="856">
<subfield code="u">https://nbn-resolving.org/urn:nbn:de:101:1-2023110907261657418108</subfield>
<subfield code="x">Resolving-System</subfield>
</datafield>
<datafield ind1=" " ind2="0" tag="856">
<subfield code="u">https://d-nb.info/129075148X/34</subfield>
<subfield code="x">Langzeitarchivierung Nationalbibliothek</subfield>
</datafield>
<datafield ind1="2" ind2=" " tag="883">
<subfield code="8">1\p</subfield>
<subfield code="a">ka003lc</subfield>
<subfield code="d">20191012</subfield>
<subfield code="q">DE-101</subfield>
<subfield code="u">https://d-nb.info/provenance/plan#ka003lc</subfield>
</datafield>
<datafield ind1=" " ind2=" " tag="883">
<subfield code="8">2\p</subfield>
<subfield code="a">cgwrk</subfield>
<subfield code="d">20250717</subfield>
<subfield code="q">DE-101</subfield>
<subfield code="u">https://d-nb.info/provenance/plan#cgwrk</subfield>
</datafield>
<datafield ind1="d" ind2=" " tag="925">
<subfield code="a">d038</subfield>
</datafield>
<datafield ind1=" " ind2=" " tag="927">
<subfield code="a">765067312</subfield>
</datafield>
</record>