<record type="Bibliographic" xmlns="http://www.loc.gov/MARC21/slim">
<leader>00000nam a2200000uc 4500</leader>
<controlfield tag="001">1292356502</controlfield>
<controlfield tag="003">DE-101</controlfield>
<controlfield tag="005">20230608223046.0</controlfield>
<controlfield tag="007">cr||||||||||||</controlfield>
<controlfield tag="008">230608s2023    gw |||||o|||| 00||||ger  </controlfield>
<datafield ind1=" " ind2=" " tag="015">
<subfield code="a">23,O07</subfield>
<subfield code="2">dnb</subfield>
</datafield>
<datafield ind1="7" ind2=" " tag="016">
<subfield code="2">DE-101</subfield>
<subfield code="a">1292356502</subfield>
</datafield>
<datafield ind1=" " ind2=" " tag="020">
<subfield code="a">9783757935610</subfield>
<subfield code="9">978-3-7579-3561-0</subfield>
</datafield>
<datafield ind1="3" ind2=" " tag="024">
<subfield code="a">9783757935610</subfield>
</datafield>
<datafield ind1="7" ind2=" " tag="024">
<subfield code="2">urn</subfield>
<subfield code="a">urn:nbn:de:101:1-2023060802322950123017</subfield>
</datafield>
<datafield ind1=" " ind2=" " tag="035">
<subfield code="a">(DE-599)DNB1292356502</subfield>
</datafield>
<datafield ind1=" " ind2=" " tag="040">
<subfield code="a">1240</subfield>
<subfield code="b">ger</subfield>
<subfield code="c">DE-101</subfield>
<subfield code="d">9999</subfield>
</datafield>
<datafield ind1=" " ind2=" " tag="041">
<subfield code="8">1\p</subfield>
<subfield code="a">ger</subfield>
</datafield>
<datafield ind1=" " ind2=" " tag="044">
<subfield code="c">XA-DE-BY</subfield>
</datafield>
<datafield ind1="7" ind2="4" tag="082">
<subfield code="8">3\p</subfield>
<subfield code="a">830</subfield>
<subfield code="a">B</subfield>
<subfield code="q">DE-101</subfield>
<subfield code="2">23sdnb</subfield>
</datafield>
<datafield ind1="1" ind2=" " tag="100">
<subfield code="8">2\p</subfield>
<subfield code="a">Naumann, Alexander</subfield>
<subfield code="e">Verfasser</subfield>
<subfield code="4">aut</subfield>
</datafield>
<datafield ind1="1" ind2="0" tag="245">
<subfield code="a">Eirik Trollblut – Fehde der Wikinger</subfield>
<subfield code="c">Alexander Naumann</subfield>
</datafield>
<datafield ind1=" " ind2="1" tag="264">
<subfield code="a">München</subfield>
<subfield code="b">Bärenklau Exklusiv</subfield>
<subfield code="c">2023</subfield>
</datafield>
<datafield ind1=" " ind2=" " tag="300">
<subfield code="a">Online-Ressource, 84 Seiten</subfield>
</datafield>
<datafield ind1=" " ind2=" " tag="336">
<subfield code="a">Text</subfield>
<subfield code="b">txt</subfield>
<subfield code="2">rdacontent</subfield>
</datafield>
<datafield ind1=" " ind2=" " tag="337">
<subfield code="a">Computermedien</subfield>
<subfield code="b">c</subfield>
<subfield code="2">rdamedia</subfield>
</datafield>
<datafield ind1=" " ind2=" " tag="338">
<subfield code="a">Online-Ressource</subfield>
<subfield code="b">cr</subfield>
<subfield code="2">rdacarrier</subfield>
</datafield>
<datafield ind1="1" ind2=" " tag="583">
<subfield code="a">Archivierung/Langzeitarchivierung gewährleistet</subfield>
<subfield code="5">DE-101</subfield>
<subfield code="2">pdager</subfield>
</datafield>
<datafield ind1=" " ind2=" " tag="653">
<subfield code="a">(Produktform)Electronic book text</subfield>
</datafield>
<datafield ind1=" " ind2=" " tag="653">
<subfield code="a">Wikinger</subfield>
</datafield>
<datafield ind1=" " ind2=" " tag="653">
<subfield code="a">2. Jahrhundert</subfield>
</datafield>
<datafield ind1=" " ind2=" " tag="653">
<subfield code="a">Seeschlacht</subfield>
</datafield>
<datafield ind1=" " ind2=" " tag="653">
<subfield code="a">serien</subfield>
</datafield>
<datafield ind1=" " ind2=" " tag="653">
<subfield code="a">Berserker</subfield>
</datafield>
<datafield ind1=" " ind2=" " tag="653">
<subfield code="a">Nordmänner</subfield>
</datafield>
<datafield ind1=" " ind2=" " tag="653">
<subfield code="a">Piraten</subfield>
</datafield>
<datafield ind1=" " ind2=" " tag="653">
<subfield code="a">Seeräuber</subfield>
</datafield>
<datafield ind1=" " ind2=" " tag="653">
<subfield code="a">Abenteuer</subfield>
</datafield>
<datafield ind1=" " ind2=" " tag="653">
<subfield code="a">Skalden</subfield>
</datafield>
<datafield ind1=" " ind2=" " tag="653">
<subfield code="a">Episch</subfield>
</datafield>
<datafield ind1=" " ind2=" " tag="653">
<subfield code="a">Fantasy</subfield>
</datafield>
<datafield ind1=" " ind2=" " tag="653">
<subfield code="a">High Fantasy</subfield>
</datafield>
<datafield ind1=" " ind2=" " tag="653">
<subfield code="a">Historisch</subfield>
</datafield>
<datafield ind1=" " ind2=" " tag="653">
<subfield code="a">Fantasy</subfield>
</datafield>
<datafield ind1=" " ind2=" " tag="653">
<subfield code="a">Roman</subfield>
</datafield>
<datafield ind1=" " ind2=" " tag="653">
<subfield code="a">Abenteuer</subfield>
</datafield>
<datafield ind1=" " ind2=" " tag="653">
<subfield code="a">(VLB-WN)9132</subfield>
</datafield>
<datafield ind1=" " ind2="7" tag="655">
<subfield code="0">(DE-101)1010885626</subfield>
<subfield code="a">Fantasy</subfield>
<subfield code="2">gatbeg</subfield>
</datafield>
<datafield ind1=" " ind2=" " tag="850">
<subfield code="a">DE-101a</subfield>
<subfield code="a">DE-101b</subfield>
</datafield>
<datafield ind1="4" ind2="0" tag="856">
<subfield code="u">https://nbn-resolving.org/urn:nbn:de:101:1-2023060802322950123017</subfield>
<subfield code="x">Resolving-System</subfield>
</datafield>
<datafield ind1=" " ind2="0" tag="856">
<subfield code="u">https://d-nb.info/1292356502/34</subfield>
<subfield code="x">Langzeitarchivierung Nationalbibliothek</subfield>
</datafield>
<datafield ind1="4" ind2=" " tag="856">
<subfield code="q">epub</subfield>
</datafield>
<datafield ind1="1" ind2=" " tag="883">
<subfield code="8">1\p</subfield>
<subfield code="a">npi</subfield>
<subfield code="d">20230608</subfield>
<subfield code="q">DE-101</subfield>
<subfield code="u">https://d-nb.info/provenance/plan#npi</subfield>
</datafield>
<datafield ind1="1" ind2=" " tag="883">
<subfield code="8">2\p</subfield>
<subfield code="a">npi</subfield>
<subfield code="d">20230608</subfield>
<subfield code="q">DE-101</subfield>
<subfield code="u">https://d-nb.info/provenance/plan#npi</subfield>
</datafield>
<datafield ind1="1" ind2=" " tag="883">
<subfield code="8">3\p</subfield>
<subfield code="a">npi</subfield>
<subfield code="d">20230608</subfield>
<subfield code="q">DE-101</subfield>
<subfield code="u">https://d-nb.info/provenance/plan#npi</subfield>
</datafield>
<datafield ind1="r" ind2=" " tag="925">
<subfield code="a">ro</subfield>
<subfield code="a">ra</subfield>
</datafield>
<datafield ind1="1" ind2=" " tag="926">
<subfield code="a">FM</subfield>
<subfield code="o">93</subfield>
<subfield code="v">1.0</subfield>
</datafield>
<datafield ind1="2" ind2=" " tag="926">
<subfield code="a">FMB</subfield>
<subfield code="o">93</subfield>
<subfield code="v">1.0</subfield>
</datafield>
<datafield ind1="2" ind2=" " tag="926">
<subfield code="a">FMH</subfield>
<subfield code="o">93</subfield>
<subfield code="v">1.0</subfield>
</datafield>
<datafield ind1="2" ind2=" " tag="926">
<subfield code="a">FV</subfield>
<subfield code="o">93</subfield>
<subfield code="v">1.0</subfield>
</datafield>
<datafield ind1="2" ind2=" " tag="926">
<subfield code="a">FJ</subfield>
<subfield code="o">93</subfield>
<subfield code="v">1.0</subfield>
</datafield>
<datafield ind1=" " ind2=" " tag="927">
<subfield code="a">382205957</subfield>
</datafield>
</record>