<record type="Bibliographic" xmlns="http://www.loc.gov/MARC21/slim">
<leader>00000nam a2200000 c 4500</leader>
<controlfield tag="001">1290626200</controlfield>
<controlfield tag="003">DE-101</controlfield>
<controlfield tag="005">20230618133819.0</controlfield>
<controlfield tag="007">cr||||||||||||</controlfield>
<controlfield tag="008">230525r20232022gw |||||o|||| 00||||ger  </controlfield>
<datafield ind1="7" ind2=" " tag="016">
<subfield code="2">DE-101</subfield>
<subfield code="a">1290626200</subfield>
</datafield>
<datafield ind1="7" ind2=" " tag="024">
<subfield code="2">urn</subfield>
<subfield code="a">urn:nbn:de:101:1-2023061813381934118930</subfield>
</datafield>
<datafield ind1=" " ind2=" " tag="035">
<subfield code="a">(DE-599)DNB1290626200</subfield>
</datafield>
<datafield ind1=" " ind2=" " tag="040">
<subfield code="a">1340</subfield>
<subfield code="b">ger</subfield>
<subfield code="c">DE-101</subfield>
<subfield code="d">0292</subfield>
</datafield>
<datafield ind1=" " ind2=" " tag="041">
<subfield code="a">ger</subfield>
</datafield>
<datafield ind1=" " ind2=" " tag="044">
<subfield code="c">XA-DE</subfield>
</datafield>
<datafield ind1="7" ind2="4" tag="082">
<subfield code="8">4\p</subfield>
<subfield code="a">781.66</subfield>
<subfield code="q">DE-101</subfield>
<subfield code="2">23sdnb</subfield>
</datafield>
<datafield ind1="0" ind2=" " tag="100">
<subfield code="8">1\p</subfield>
<subfield code="0">(DE-588)1202357636</subfield>
<subfield code="0">https://d-nb.info/gnd/1202357636</subfield>
<subfield code="0">(DE-101)1202357636</subfield>
<subfield code="a">Henker</subfield>
<subfield code="c">Rockmusiker</subfield>
<subfield code="e">Komponist</subfield>
<subfield code="4">cmp</subfield>
<subfield code="2">gnd</subfield>
</datafield>
<datafield ind1="1" ind2="0" tag="245">
<subfield code="a">Fehde</subfield>
<subfield code="c">Atronos ; Henker - music, guitars, bass, background vocals; Baptist - lyrics and vocals</subfield>
</datafield>
<datafield ind1=" " ind2="1" tag="264">
<subfield code="a">Leipzig</subfield>
<subfield code="a">Frankfurt am Main</subfield>
<subfield code="b">Deutsche Nationalbibliothek</subfield>
<subfield code="c">2023</subfield>
</datafield>
<datafield ind1=" " ind2=" " tag="300">
<subfield code="a">1 Online-Ressource (1 CD)</subfield>
</datafield>
<datafield ind1=" " ind2=" " tag="336">
<subfield code="a">aufgeführte Musik</subfield>
<subfield code="b">prm</subfield>
<subfield code="2">rdacontent</subfield>
</datafield>
<datafield ind1=" " ind2=" " tag="337">
<subfield code="a">Computermedien</subfield>
<subfield code="b">c</subfield>
<subfield code="2">rdamedia</subfield>
</datafield>
<datafield ind1=" " ind2=" " tag="338">
<subfield code="a">Online-Ressource</subfield>
<subfield code="b">cr</subfield>
<subfield code="2">rdacarrier</subfield>
</datafield>
<datafield ind1="1" ind2=" " tag="583">
<subfield code="a">Archivierung/Langzeitarchivierung gewährleistet</subfield>
<subfield code="5">DE-101</subfield>
<subfield code="2">pdager</subfield>
</datafield>
<datafield ind1="0" ind2=" " tag="700">
<subfield code="8">2\p</subfield>
<subfield code="0">(DE-588)1258203022</subfield>
<subfield code="0">https://d-nb.info/gnd/1258203022</subfield>
<subfield code="0">(DE-101)1258203022</subfield>
<subfield code="a">Baptist</subfield>
<subfield code="c">Sänger</subfield>
<subfield code="e">Textdichter</subfield>
<subfield code="4">lyr</subfield>
<subfield code="2">gnd</subfield>
</datafield>
<datafield ind1="2" ind2=" " tag="710">
<subfield code="8">3\p</subfield>
<subfield code="0">(DE-588)1281121355</subfield>
<subfield code="0">https://d-nb.info/gnd/1281121355</subfield>
<subfield code="0">(DE-101)1281121355</subfield>
<subfield code="a">Atronos</subfield>
<subfield code="g">Musikgruppe</subfield>
<subfield code="e">Ausführender</subfield>
<subfield code="4">prf</subfield>
<subfield code="2">gnd</subfield>
</datafield>
<datafield ind1="0" ind2="8" tag="775">
<subfield code="i">Digitale Übertragung von</subfield>
<subfield code="a">Henker</subfield>
<subfield code="t">Fehde</subfield>
<subfield code="d">[Wilkau-Haßlau] : Purity Through Fire, [2022]</subfield>
<subfield code="h">1 CD</subfield>
<subfield code="w">(DE-101)1276086571</subfield>
</datafield>
<datafield ind1=" " ind2=" " tag="850">
<subfield code="a">DE-101a</subfield>
<subfield code="a">DE-101b</subfield>
</datafield>
<datafield ind1="4" ind2="0" tag="856">
<subfield code="u">https://nbn-resolving.org/urn:nbn:de:101:1-2023061813381934118930</subfield>
<subfield code="x">Resolving-System</subfield>
</datafield>
<datafield ind1=" " ind2="0" tag="856">
<subfield code="u">https://d-nb.info/1290626200/34</subfield>
<subfield code="x">Langzeitarchivierung Nationalbibliothek</subfield>
</datafield>
<datafield ind1="2" ind2=" " tag="883">
<subfield code="8">1\p</subfield>
<subfield code="a">dnb</subfield>
<subfield code="d">20230303</subfield>
<subfield code="q">DE-101</subfield>
<subfield code="u">https://d-nb.info/provenance/plan#dnb</subfield>
</datafield>
<datafield ind1="2" ind2=" " tag="883">
<subfield code="8">2\p</subfield>
<subfield code="a">dnb</subfield>
<subfield code="d">20230303</subfield>
<subfield code="q">DE-101</subfield>
<subfield code="u">https://d-nb.info/provenance/plan#dnb</subfield>
</datafield>
<datafield ind1="2" ind2=" " tag="883">
<subfield code="8">3\p</subfield>
<subfield code="a">dnb</subfield>
<subfield code="d">20230303</subfield>
<subfield code="q">DE-101</subfield>
<subfield code="u">https://d-nb.info/provenance/plan#dnb</subfield>
</datafield>
<datafield ind1="2" ind2=" " tag="883">
<subfield code="8">4\p</subfield>
<subfield code="a">dnb</subfield>
<subfield code="d">20230303</subfield>
<subfield code="q">DE-101</subfield>
<subfield code="u">https://d-nb.info/provenance/plan#dnb</subfield>
</datafield>
<datafield ind1="r" ind2=" " tag="925">
<subfield code="a">rt</subfield>
</datafield>
<datafield ind1="d" ind2=" " tag="925">
<subfield code="a">m001</subfield>
</datafield>
<datafield ind1=" " ind2=" " tag="927">
<subfield code="a">424574976</subfield>
</datafield>
</record>