<record type="Bibliographic" xmlns="http://www.loc.gov/MARC21/slim">
<leader>00000naa a2200000 c 4500</leader>
<controlfield tag="001">1285269659</controlfield>
<controlfield tag="003">DE-101</controlfield>
<controlfield tag="005">20230404072431.0</controlfield>
<controlfield tag="007">tu</controlfield>
<controlfield tag="008">230404s2023    gw ||||| |||| 00||||ger  </controlfield>
<datafield ind1="7" ind2=" " tag="016">
<subfield code="2">DE-101</subfield>
<subfield code="a">1285269659</subfield>
</datafield>
<datafield ind1=" " ind2=" " tag="035">
<subfield code="a">(DE-599)DNB1285269659</subfield>
</datafield>
<datafield ind1=" " ind2=" " tag="040">
<subfield code="a">1170</subfield>
<subfield code="b">ger</subfield>
<subfield code="c">DE-101</subfield>
<subfield code="d">1170</subfield>
<subfield code="e">rda</subfield>
</datafield>
<datafield ind1=" " ind2=" " tag="041">
<subfield code="a">ger</subfield>
</datafield>
<datafield ind1=" " ind2=" " tag="044">
<subfield code="c">XA-DE</subfield>
</datafield>
<datafield ind1="1" ind2=" " tag="100">
<subfield code="8">1\p</subfield>
<subfield code="0">(DE-588)117428000</subfield>
<subfield code="0">https://d-nb.info/gnd/117428000</subfield>
<subfield code="0">(DE-101)117428000</subfield>
<subfield code="a">Wittmann, Reinhard</subfield>
<subfield code="d">1945-</subfield>
<subfield code="e">Verfasser</subfield>
<subfield code="4">aut</subfield>
<subfield code="2">gnd</subfield>
</datafield>
<datafield ind1="1" ind2="0" tag="245">
<subfield code="a">Eine bayerische Inquisitionsgeschichte. Die Fehde zweier Münchner Aufklärungsverleger</subfield>
<subfield code="c">Reinhard Wittmann</subfield>
</datafield>
<datafield ind1=" " ind2=" " tag="336">
<subfield code="a">Text</subfield>
<subfield code="b">txt</subfield>
<subfield code="2">rdacontent</subfield>
</datafield>
<datafield ind1=" " ind2=" " tag="337">
<subfield code="a">ohne Hilfsmittel zu benutzen</subfield>
<subfield code="b">n</subfield>
<subfield code="2">rdamedia</subfield>
</datafield>
<datafield ind1=" " ind2=" " tag="338">
<subfield code="a">Band</subfield>
<subfield code="b">nc</subfield>
<subfield code="2">rdacarrier</subfield>
</datafield>
<datafield ind1="1" ind2="7" tag="600">
<subfield code="0">(DE-588)1037496116</subfield>
<subfield code="0">https://d-nb.info/gnd/1037496116</subfield>
<subfield code="0">(DE-101)1037496116</subfield>
<subfield code="a">Crätz, Joseph Alois von</subfield>
<subfield code="d">-1786</subfield>
<subfield code="9">rswk-swf</subfield>
<subfield code="2">gnd</subfield>
</datafield>
<datafield ind1="1" ind2="7" tag="600">
<subfield code="0">(DE-588)119508966</subfield>
<subfield code="0">https://d-nb.info/gnd/119508966</subfield>
<subfield code="0">(DE-101)119508966</subfield>
<subfield code="a">Strobel, Johann Baptist</subfield>
<subfield code="d">1748-1805</subfield>
<subfield code="9">rswk-swf</subfield>
<subfield code="2">gnd</subfield>
</datafield>
<datafield ind1=" " ind2="7" tag="648">
<subfield code="a">Geschichte 1750-1785</subfield>
<subfield code="9">rswk-swf</subfield>
<subfield code="2">gnd</subfield>
</datafield>
<datafield ind1=" " ind2="7" tag="650">
<subfield code="0">(DE-588)4008626-4</subfield>
<subfield code="0">https://d-nb.info/gnd/4008626-4</subfield>
<subfield code="0">(DE-101)040086267</subfield>
<subfield code="a">Buchhandel</subfield>
<subfield code="9">rswk-swf</subfield>
<subfield code="2">gnd</subfield>
</datafield>
<datafield ind1=" " ind2="7" tag="650">
<subfield code="0">(DE-588)4003524-4</subfield>
<subfield code="0">https://d-nb.info/gnd/4003524-4</subfield>
<subfield code="0">(DE-101)040035247</subfield>
<subfield code="a">Aufklärung</subfield>
<subfield code="9">rswk-swf</subfield>
<subfield code="2">gnd</subfield>
</datafield>
<datafield ind1=" " ind2="7" tag="651">
<subfield code="0">(DE-588)4127793-4</subfield>
<subfield code="0">https://d-nb.info/gnd/4127793-4</subfield>
<subfield code="0">(DE-101)041277937</subfield>
<subfield code="a">München</subfield>
<subfield code="9">rswk-swf</subfield>
<subfield code="2">gnd</subfield>
</datafield>
<datafield ind1="0" ind2="0" tag="689">
<subfield code="0">(DE-588)1037496116</subfield>
<subfield code="0">https://d-nb.info/gnd/1037496116</subfield>
<subfield code="0">(DE-101)1037496116</subfield>
<subfield code="D">p</subfield>
<subfield code="a">Crätz, Joseph Alois von</subfield>
<subfield code="d">-1786</subfield>
</datafield>
<datafield ind1="0" ind2=" " tag="689">
<subfield code="5">DE-101d</subfield>
<subfield code="5">DE-101d</subfield>
</datafield>
<datafield ind1="1" ind2="0" tag="689">
<subfield code="0">(DE-588)119508966</subfield>
<subfield code="0">https://d-nb.info/gnd/119508966</subfield>
<subfield code="0">(DE-101)119508966</subfield>
<subfield code="D">p</subfield>
<subfield code="a">Strobel, Johann Baptist</subfield>
<subfield code="d">1748-1805</subfield>
</datafield>
<datafield ind1="1" ind2=" " tag="689">
<subfield code="5">DE-101d</subfield>
<subfield code="5">DE-101d</subfield>
</datafield>
<datafield ind1="2" ind2="0" tag="689">
<subfield code="0">(DE-588)4127793-4</subfield>
<subfield code="0">https://d-nb.info/gnd/4127793-4</subfield>
<subfield code="0">(DE-101)041277937</subfield>
<subfield code="D">g</subfield>
<subfield code="a">München</subfield>
</datafield>
<datafield ind1="2" ind2="1" tag="689">
<subfield code="0">(DE-588)4008626-4</subfield>
<subfield code="0">https://d-nb.info/gnd/4008626-4</subfield>
<subfield code="0">(DE-101)040086267</subfield>
<subfield code="D">s</subfield>
<subfield code="a">Buchhandel</subfield>
</datafield>
<datafield ind1="2" ind2="2" tag="689">
<subfield code="0">(DE-588)4003524-4</subfield>
<subfield code="0">https://d-nb.info/gnd/4003524-4</subfield>
<subfield code="0">(DE-101)040035247</subfield>
<subfield code="D">s</subfield>
<subfield code="a">Aufklärung</subfield>
</datafield>
<datafield ind1="2" ind2="3" tag="689">
<subfield code="A">z</subfield>
<subfield code="a">Geschichte 1750-1785</subfield>
</datafield>
<datafield ind1="2" ind2=" " tag="689">
<subfield code="5">DE-101d</subfield>
<subfield code="5">DE-101d</subfield>
</datafield>
<datafield ind1="1" ind2="8" tag="773">
<subfield code="7">|||s</subfield>
<subfield code="g">year:2023</subfield>
<subfield code="g">pages:201-225</subfield>
</datafield>
<datafield ind1="0" ind2="8" tag="773">
<subfield code="i">Enthalten in</subfield>
<subfield code="a">Wittmann, Reinhard, 1945-</subfield>
<subfield code="t">Von Ladenhütern und Paukenschlägern</subfield>
<subfield code="d">Leipzig : Lehmstedt, [2023]</subfield>
<subfield code="h">487 Seiten</subfield>
<subfield code="g">(2023), 201-225</subfield>
<subfield code="w">(DE-101)1258089408</subfield>
</datafield>
<datafield ind1="2" ind2=" " tag="883">
<subfield code="8">1\p</subfield>
<subfield code="a">dnb</subfield>
<subfield code="d">20230404</subfield>
<subfield code="q">DE-101</subfield>
<subfield code="u">https://d-nb.info/provenance/plan#dnb</subfield>
</datafield>
</record>