<record type="Bibliographic" xmlns="http://www.loc.gov/MARC21/slim">
<leader>00000nam a22000008c 4500</leader>
<controlfield tag="001">124985671X</controlfield>
<controlfield tag="003">DE-101</controlfield>
<controlfield tag="005">20230218131706.0</controlfield>
<controlfield tag="007">tu</controlfield>
<controlfield tag="008">220119s2022    gw ||||| |||| 00||||ger  </controlfield>
<datafield ind1=" " ind2=" " tag="015">
<subfield code="a">22,N04</subfield>
<subfield code="2">dnb</subfield>
</datafield>
<datafield ind1="7" ind2=" " tag="016">
<subfield code="2">DE-101</subfield>
<subfield code="a">124985671X</subfield>
</datafield>
<datafield ind1=" " ind2=" " tag="020">
<subfield code="a">9783754941829</subfield>
<subfield code="c">: EUR 8.99 (DE), EUR 8.99 (AT)</subfield>
<subfield code="9">978-3-7549-4182-9</subfield>
</datafield>
<datafield ind1=" " ind2=" " tag="020">
<subfield code="a">3754941828</subfield>
<subfield code="9">3-7549-4182-8</subfield>
</datafield>
<datafield ind1="3" ind2=" " tag="024">
<subfield code="a">9783754941829</subfield>
</datafield>
<datafield ind1=" " ind2=" " tag="035">
<subfield code="a">(DE-599)DNB124985671X</subfield>
</datafield>
<datafield ind1=" " ind2=" " tag="035">
<subfield code="a">(OCoLC)1293662677</subfield>
</datafield>
<datafield ind1=" " ind2=" " tag="040">
<subfield code="a">1145</subfield>
<subfield code="b">ger</subfield>
<subfield code="c">DE-101</subfield>
<subfield code="d">9999</subfield>
</datafield>
<datafield ind1=" " ind2=" " tag="041">
<subfield code="a">ger</subfield>
</datafield>
<datafield ind1=" " ind2=" " tag="044">
<subfield code="c">XA-DE-BE</subfield>
</datafield>
<datafield ind1="7" ind2="4" tag="082">
<subfield code="8">3\p</subfield>
<subfield code="a">830</subfield>
<subfield code="a">B</subfield>
<subfield code="q">DE-101</subfield>
<subfield code="2">23sdnb</subfield>
</datafield>
<datafield ind1="1" ind2=" " tag="100">
<subfield code="8">1\p</subfield>
<subfield code="a">Reich, Gary</subfield>
<subfield code="e">Verfasser</subfield>
<subfield code="4">aut</subfield>
</datafield>
<datafield ind1="1" ind2="0" tag="245">
<subfield code="a">Destination Berlin</subfield>
<subfield code="b">Teil 1: Fehde, Freunde, Currywurst</subfield>
<subfield code="c">Gary Reich</subfield>
</datafield>
<datafield ind1=" " ind2=" " tag="250">
<subfield code="a">4. Auflage</subfield>
</datafield>
<datafield ind1=" " ind2=" " tag="263">
<subfield code="a">202201</subfield>
</datafield>
<datafield ind1=" " ind2="1" tag="264">
<subfield code="a">Berlin</subfield>
<subfield code="b">epubli</subfield>
<subfield code="c">2022</subfield>
</datafield>
<datafield ind1=" " ind2=" " tag="300">
<subfield code="a">152 Seiten</subfield>
<subfield code="c">19 cm x 12.5 cm, 187 g</subfield>
</datafield>
<datafield ind1=" " ind2=" " tag="336">
<subfield code="a">Text</subfield>
<subfield code="b">txt</subfield>
<subfield code="2">rdacontent</subfield>
</datafield>
<datafield ind1=" " ind2=" " tag="337">
<subfield code="a">ohne Hilfsmittel zu benutzen</subfield>
<subfield code="b">n</subfield>
<subfield code="2">rdamedia</subfield>
</datafield>
<datafield ind1=" " ind2=" " tag="338">
<subfield code="a">Band</subfield>
<subfield code="b">nc</subfield>
<subfield code="2">rdacarrier</subfield>
</datafield>
<datafield ind1="1" ind2=" " tag="490">
<subfield code="a">Destination Berlin</subfield>
<subfield code="v">1</subfield>
</datafield>
<datafield ind1=" " ind2=" " tag="653">
<subfield code="a">(Produktform)Paperback / softback</subfield>
</datafield>
<datafield ind1=" " ind2=" " tag="653">
<subfield code="a">(Zielgruppe)Allgemein</subfield>
</datafield>
<datafield ind1=" " ind2=" " tag="653">
<subfield code="a">(Zielgruppe)ab 1 bis 99 Jahre</subfield>
</datafield>
<datafield ind1=" " ind2=" " tag="653">
<subfield code="a">(BISAC Subject Heading)BIO000000</subfield>
</datafield>
<datafield ind1=" " ind2=" " tag="653">
<subfield code="a">(BISAC Subject Heading)DRA000000</subfield>
</datafield>
<datafield ind1=" " ind2=" " tag="653">
<subfield code="a">(BISAC Subject Heading)HUM000000</subfield>
</datafield>
<datafield ind1=" " ind2=" " tag="653">
<subfield code="a">Berlin</subfield>
</datafield>
<datafield ind1=" " ind2=" " tag="653">
<subfield code="a">Asperger</subfield>
</datafield>
<datafield ind1=" " ind2=" " tag="653">
<subfield code="a">Reise</subfield>
</datafield>
<datafield ind1=" " ind2=" " tag="653">
<subfield code="a">Leben</subfield>
</datafield>
<datafield ind1=" " ind2=" " tag="653">
<subfield code="a">Roman</subfield>
</datafield>
<datafield ind1=" " ind2=" " tag="653">
<subfield code="a">Unterhaltung</subfield>
</datafield>
<datafield ind1=" " ind2=" " tag="653">
<subfield code="a">Forchheim</subfield>
</datafield>
<datafield ind1=" " ind2=" " tag="653">
<subfield code="a">(BISAC Subject Heading)BIO000000</subfield>
</datafield>
<datafield ind1=" " ind2=" " tag="653">
<subfield code="a">(VLB-WN)1116: Hardcover, Softcover / Belletristik/Romanhafte Biografien</subfield>
</datafield>
<datafield ind1=" " ind2="7" tag="655">
<subfield code="0">(DE-101)1010839772</subfield>
<subfield code="a">Romanhafte Biographien</subfield>
<subfield code="2">gatbeg</subfield>
</datafield>
<datafield ind1="2" ind2=" " tag="710">
<subfield code="8">2\p</subfield>
<subfield code="0">(DE-588)106492235X</subfield>
<subfield code="0">https://d-nb.info/gnd/106492235X</subfield>
<subfield code="0">(DE-101)106492235X</subfield>
<subfield code="a">epubli GmbH</subfield>
<subfield code="e">Verlag</subfield>
<subfield code="4">pbl</subfield>
<subfield code="2">gnd</subfield>
</datafield>
<datafield ind1="0" ind2="8" tag="776">
<subfield code="i">Erscheint auch als</subfield>
<subfield code="n">Online-Ausgabe</subfield>
<subfield code="t">Destination Berlin</subfield>
<subfield code="d">Berlin : epubli, 2022</subfield>
<subfield code="h">Online-Ressource, 152 Seiten</subfield>
<subfield code="w">(DE-101)1250079004</subfield>
<subfield code="b">1. Auflage</subfield>
</datafield>
<datafield ind1=" " ind2="0" tag="830">
<subfield code="a">Destination Berlin</subfield>
<subfield code="v">1</subfield>
</datafield>
<datafield ind1="4" ind2="2" tag="856">
<subfield code="m">X:MVB</subfield>
<subfield code="q">text/html</subfield>
<subfield code="u">http://deposit.dnb.de/cgi-bin/dokserv?id=eb1c4097a06d451197a9f303f8a46bd2&amp;prov=M&amp;dok_var=1&amp;dok_ext=htm</subfield>
<subfield code="3">Inhaltstext</subfield>
</datafield>
<datafield ind1="4" ind2="2" tag="856">
<subfield code="m">X:MVB</subfield>
<subfield code="q">text/html</subfield>
<subfield code="u">http://www.epubli.de/shop/isbn/9783754941829</subfield>
<subfield code="3">Inhaltstext</subfield>
</datafield>
<datafield ind1="4" ind2="2" tag="856">
<subfield code="m">X:MVB</subfield>
<subfield code="u">http://www.epubli.de</subfield>
</datafield>
<datafield ind1="4" ind2="2" tag="856">
<subfield code="m">X:MVB</subfield>
<subfield code="u">http://www.epubli.de/shop/isbn/9783754941829</subfield>
</datafield>
<datafield ind1="4" ind2="2" tag="856">
<subfield code="m">X:MVB</subfield>
<subfield code="u">http://www.epubli.de</subfield>
</datafield>
<datafield ind1="1" ind2=" " tag="883">
<subfield code="8">1\p</subfield>
<subfield code="a">vlb</subfield>
<subfield code="d">20220119</subfield>
<subfield code="q">DE-101</subfield>
<subfield code="u">https://d-nb.info/provenance/plan#vlb</subfield>
</datafield>
<datafield ind1="1" ind2=" " tag="883">
<subfield code="8">2\p</subfield>
<subfield code="a">adb</subfield>
<subfield code="d">20220119</subfield>
<subfield code="q">DE-101</subfield>
<subfield code="u">https://d-nb.info/provenance/plan#adb</subfield>
</datafield>
<datafield ind1="1" ind2=" " tag="883">
<subfield code="8">3\p</subfield>
<subfield code="a">vlb</subfield>
<subfield code="d">20220119</subfield>
<subfield code="q">DE-101</subfield>
<subfield code="u">https://d-nb.info/provenance/plan#vlb</subfield>
</datafield>
<datafield ind1="w" ind2=" " tag="925">
<subfield code="a">c</subfield>
</datafield>
<datafield ind1="1" ind2=" " tag="926">
<subfield code="a">DNB</subfield>
<subfield code="o">93</subfield>
<subfield code="q">Publisher</subfield>
<subfield code="v">1.5</subfield>
<subfield code="x">Biografien: allgemein</subfield>
</datafield>
</record>