<record type="Bibliographic" xmlns="http://www.loc.gov/MARC21/slim">
<leader>00000pam a2200000 c 4500</leader>
<controlfield tag="001">1256522724</controlfield>
<controlfield tag="003">DE-101</controlfield>
<controlfield tag="005">20230309203524.0</controlfield>
<controlfield tag="007">tu</controlfield>
<controlfield tag="008">220430s2022    gw ||||| |||| 00||||ger  </controlfield>
<datafield ind1=" " ind2=" " tag="015">
<subfield code="a">22,A43</subfield>
<subfield code="z">22,N18</subfield>
<subfield code="2">dnb</subfield>
</datafield>
<datafield ind1="7" ind2=" " tag="016">
<subfield code="2">DE-101</subfield>
<subfield code="a">1256522724</subfield>
</datafield>
<datafield ind1=" " ind2=" " tag="020">
<subfield code="a">9783839202524</subfield>
<subfield code="c">Broschur : EUR 15.00 (DE), EUR 15.50 (AT), CHF 21.90 (freier Preis)</subfield>
<subfield code="9">978-3-8392-0252-4</subfield>
</datafield>
<datafield ind1=" " ind2=" " tag="020">
<subfield code="a">3839202523</subfield>
<subfield code="9">3-8392-0252-3</subfield>
</datafield>
<datafield ind1="3" ind2=" " tag="024">
<subfield code="a">9783839202524</subfield>
</datafield>
<datafield ind1="5" ind2="2" tag="028">
<subfield code="a">Bestellnummer: 10252</subfield>
</datafield>
<datafield ind1=" " ind2=" " tag="035">
<subfield code="a">(DE-599)DNB1256522724</subfield>
</datafield>
<datafield ind1=" " ind2=" " tag="035">
<subfield code="a">(OCoLC)1348872622</subfield>
</datafield>
<datafield ind1=" " ind2=" " tag="040">
<subfield code="a">1245</subfield>
<subfield code="b">ger</subfield>
<subfield code="c">DE-101</subfield>
<subfield code="d">1220</subfield>
<subfield code="e">rda</subfield>
</datafield>
<datafield ind1=" " ind2=" " tag="041">
<subfield code="a">ger</subfield>
</datafield>
<datafield ind1=" " ind2=" " tag="044">
<subfield code="c">XA-DE-BW</subfield>
</datafield>
<datafield ind1="7" ind2="4" tag="082">
<subfield code="8">3\p</subfield>
<subfield code="a">830</subfield>
<subfield code="a">B</subfield>
<subfield code="q">DE-101</subfield>
<subfield code="2">23sdnb</subfield>
</datafield>
<datafield ind1="1" ind2=" " tag="100">
<subfield code="8">1\p</subfield>
<subfield code="0">(DE-588)115996470X</subfield>
<subfield code="0">https://d-nb.info/gnd/115996470X</subfield>
<subfield code="0">(DE-101)115996470X</subfield>
<subfield code="a">Elzner, Silke</subfield>
<subfield code="e">Verfasser</subfield>
<subfield code="4">aut</subfield>
<subfield code="2">gnd</subfield>
</datafield>
<datafield ind1="1" ind2="0" tag="245">
<subfield code="a">Die letzte Fehde an der Havel</subfield>
<subfield code="b">historischer Roman</subfield>
<subfield code="c">Silke Elzner</subfield>
</datafield>
<datafield ind1=" " ind2=" " tag="250">
<subfield code="a">1. Auflage</subfield>
</datafield>
<datafield ind1=" " ind2=" " tag="259">
<subfield code="a">11</subfield>
</datafield>
<datafield ind1=" " ind2="1" tag="264">
<subfield code="a">Meßkirch</subfield>
<subfield code="b">Gmeiner</subfield>
<subfield code="c">2022</subfield>
</datafield>
<datafield ind1=" " ind2=" " tag="300">
<subfield code="a">535 Seiten</subfield>
<subfield code="c">21 cm</subfield>
</datafield>
<datafield ind1=" " ind2=" " tag="336">
<subfield code="a">Text</subfield>
<subfield code="b">txt</subfield>
<subfield code="2">rdacontent</subfield>
</datafield>
<datafield ind1=" " ind2=" " tag="337">
<subfield code="a">ohne Hilfsmittel zu benutzen</subfield>
<subfield code="b">n</subfield>
<subfield code="2">rdamedia</subfield>
</datafield>
<datafield ind1=" " ind2=" " tag="338">
<subfield code="a">Band</subfield>
<subfield code="b">nc</subfield>
<subfield code="2">rdacarrier</subfield>
</datafield>
<datafield ind1=" " ind2=" " tag="653">
<subfield code="a">(Produktform)Paperback / softback</subfield>
</datafield>
<datafield ind1=" " ind2=" " tag="653">
<subfield code="a">(Produktform (spezifisch))Paperback (DE)</subfield>
</datafield>
<datafield ind1=" " ind2=" " tag="653">
<subfield code="a">Historischer Roman</subfield>
</datafield>
<datafield ind1=" " ind2=" " tag="653">
<subfield code="a">Mark Brandenburg</subfield>
</datafield>
<datafield ind1=" " ind2=" " tag="653">
<subfield code="a">Ruppiner Land</subfield>
</datafield>
<datafield ind1=" " ind2=" " tag="653">
<subfield code="a">Brandenburg</subfield>
</datafield>
<datafield ind1=" " ind2=" " tag="653">
<subfield code="a">15. Jahrhundert</subfield>
</datafield>
<datafield ind1=" " ind2=" " tag="653">
<subfield code="a">1401</subfield>
</datafield>
<datafield ind1=" " ind2=" " tag="653">
<subfield code="a">Havel</subfield>
</datafield>
<datafield ind1=" " ind2=" " tag="653">
<subfield code="a">Adel</subfield>
</datafield>
<datafield ind1=" " ind2=" " tag="653">
<subfield code="a">Raubritter</subfield>
</datafield>
<datafield ind1=" " ind2=" " tag="653">
<subfield code="a">Anarchie</subfield>
</datafield>
<datafield ind1=" " ind2=" " tag="653">
<subfield code="a">Ritter</subfield>
</datafield>
<datafield ind1=" " ind2=" " tag="653">
<subfield code="a">Hohenzollern</subfield>
</datafield>
<datafield ind1=" " ind2=" " tag="653">
<subfield code="a">Landsherr</subfield>
</datafield>
<datafield ind1=" " ind2=" " tag="653">
<subfield code="a">Histo</subfield>
</datafield>
<datafield ind1=" " ind2=" " tag="653">
<subfield code="a">neue Histos</subfield>
</datafield>
<datafield ind1=" " ind2=" " tag="653">
<subfield code="a">(VLB-WN)1122: Hardcover, Softcover / Belletristik/Historische Kriminalromane</subfield>
</datafield>
<datafield ind1=" " ind2="7" tag="655">
<subfield code="0">(DE-588)1071854844</subfield>
<subfield code="0">https://d-nb.info/gnd/1071854844</subfield>
<subfield code="0">(DE-101)1071854844</subfield>
<subfield code="a">Fiktionale Darstellung</subfield>
<subfield code="2">gnd-content</subfield>
</datafield>
<datafield ind1=" " ind2="7" tag="655">
<subfield code="0">(DE-101)1010836978</subfield>
<subfield code="a">Historische Romane und Erzählungen</subfield>
<subfield code="2">gatbeg</subfield>
</datafield>
<datafield ind1=" " ind2="7" tag="655">
<subfield code="0">(DE-101)1010878573</subfield>
<subfield code="a">Historische Kriminalromane</subfield>
<subfield code="2">gatbeg</subfield>
</datafield>
<datafield ind1="2" ind2=" " tag="710">
<subfield code="8">2\p</subfield>
<subfield code="0">(DE-588)16328743-0</subfield>
<subfield code="0">https://d-nb.info/gnd/16328743-0</subfield>
<subfield code="0">(DE-101)1016868715</subfield>
<subfield code="a">Gmeiner-Verlag</subfield>
<subfield code="e">Verlag</subfield>
<subfield code="4">pbl</subfield>
<subfield code="2">gnd</subfield>
</datafield>
<datafield ind1="0" ind2="8" tag="776">
<subfield code="i">Erscheint auch als</subfield>
<subfield code="n">Druck-Ausgabe</subfield>
<subfield code="z">9783839273739</subfield>
</datafield>
<datafield ind1="0" ind2="8" tag="776">
<subfield code="i">Erscheint auch als</subfield>
<subfield code="n">Druck-Ausgabe</subfield>
<subfield code="z">9783839273722</subfield>
</datafield>
<datafield ind1=" " ind2=" " tag="850">
<subfield code="a">DE-101a</subfield>
<subfield code="a">DE-101b</subfield>
</datafield>
<datafield ind1="4" ind2="2" tag="856">
<subfield code="m">X:MVB</subfield>
<subfield code="q">text/html</subfield>
<subfield code="u">http://deposit.dnb.de/cgi-bin/dokserv?id=6ebbf484716f42269b5c93fde7cbc6c6&amp;prov=M&amp;dok_var=1&amp;dok_ext=htm</subfield>
<subfield code="3">Inhaltstext</subfield>
</datafield>
<datafield ind1="2" ind2=" " tag="883">
<subfield code="8">1\p</subfield>
<subfield code="a">dnb</subfield>
<subfield code="d">20221007</subfield>
<subfield code="q">DE-101</subfield>
<subfield code="u">https://d-nb.info/provenance/plan#dnb</subfield>
</datafield>
<datafield ind1="1" ind2=" " tag="883">
<subfield code="8">2\p</subfield>
<subfield code="a">adb</subfield>
<subfield code="d">20220430</subfield>
<subfield code="q">DE-101</subfield>
<subfield code="u">https://d-nb.info/provenance/plan#adb</subfield>
</datafield>
<datafield ind1="2" ind2=" " tag="883">
<subfield code="8">3\p</subfield>
<subfield code="a">dnb</subfield>
<subfield code="d">20221019</subfield>
<subfield code="q">DE-101</subfield>
<subfield code="u">https://d-nb.info/provenance/plan#dnb</subfield>
</datafield>
<datafield ind1="r" ind2=" " tag="925">
<subfield code="a">ra</subfield>
</datafield>
<datafield ind1="1" ind2=" " tag="926">
<subfield code="a">FV</subfield>
<subfield code="o">93</subfield>
<subfield code="q">Publisher</subfield>
<subfield code="v">1.5</subfield>
<subfield code="x">Historischer Roman</subfield>
</datafield>
<datafield ind1="2" ind2=" " tag="926">
<subfield code="a">1DFG</subfield>
<subfield code="o">94</subfield>
<subfield code="q">Publisher</subfield>
<subfield code="v">1.5</subfield>
<subfield code="x">Deutschland</subfield>
</datafield>
<datafield ind1="2" ind2=" " tag="926">
<subfield code="a">1DFG-DE-BG</subfield>
<subfield code="o">94</subfield>
<subfield code="q">Publisher</subfield>
<subfield code="v">1.5</subfield>
<subfield code="x">Brandenburg</subfield>
</datafield>
<datafield ind1="2" ind2=" " tag="926">
<subfield code="a">3KLY</subfield>
<subfield code="o">96</subfield>
<subfield code="q">Publisher</subfield>
<subfield code="v">1.5</subfield>
<subfield code="x">15. Jahrhundert (1400 bis 1499 n. Chr.)</subfield>
</datafield>
</record>