<record type="Bibliographic" xmlns="http://www.loc.gov/MARC21/slim">
<leader>00000njm a22000008c 4500</leader>
<controlfield tag="001">1280531282</controlfield>
<controlfield tag="003">DE-101</controlfield>
<controlfield tag="005">20230209213324.0</controlfield>
<controlfield tag="007">s|||||||||||||</controlfield>
<controlfield tag="008">230209s2022    gw ||||| |||||||||||ger  </controlfield>
<datafield ind1="7" ind2=" " tag="016">
<subfield code="2">DE-101</subfield>
<subfield code="a">1280531282</subfield>
</datafield>
<datafield ind1="3" ind2="2" tag="028">
<subfield code="a">PTF299</subfield>
</datafield>
<datafield ind1=" " ind2=" " tag="035">
<subfield code="a">(DE-599)DNB1280531282</subfield>
</datafield>
<datafield ind1=" " ind2=" " tag="040">
<subfield code="a">1180</subfield>
<subfield code="b">ger</subfield>
<subfield code="c">DE-101</subfield>
<subfield code="d">9999</subfield>
</datafield>
<datafield ind1=" " ind2=" " tag="041">
<subfield code="a">ger</subfield>
</datafield>
<datafield ind1=" " ind2=" " tag="044">
<subfield code="c">XA-DE</subfield>
</datafield>
<datafield ind1="0" ind2="0" tag="245">
<subfield code="a">Fehde</subfield>
<subfield code="c">Atronos</subfield>
</datafield>
<datafield ind1=" " ind2="1" tag="264">
<subfield code="a">[Lichtenstein]</subfield>
<subfield code="b">Purity Through Fire</subfield>
<subfield code="c">[2022]</subfield>
</datafield>
<datafield ind1=" " ind2=" " tag="300">
<subfield code="a">1 Schallplatte</subfield>
</datafield>
<datafield ind1="r" ind2=" " tag="925">
<subfield code="a">rt</subfield>
</datafield>
<datafield ind1="w" ind2=" " tag="925">
<subfield code="a">f</subfield>
</datafield>
</record>