<record type="Bibliographic" xmlns="http://www.loc.gov/MARC21/slim">
<leader>00000nab a2200000 cc4500</leader>
<controlfield tag="001">1265523274</controlfield>
<controlfield tag="003">DE-101</controlfield>
<controlfield tag="005">20220816200122.0</controlfield>
<controlfield tag="007">tu</controlfield>
<controlfield tag="008">220816s2022    gw u||p|  ||| 0||||1ger  </controlfield>
<datafield ind1="7" ind2=" " tag="016">
<subfield code="2">DE-101</subfield>
<subfield code="a">1265523274</subfield>
</datafield>
<datafield ind1=" " ind2=" " tag="035">
<subfield code="a">(DE-599)DNB1265523274</subfield>
</datafield>
<datafield ind1=" " ind2=" " tag="040">
<subfield code="a">1199</subfield>
<subfield code="b">ger</subfield>
<subfield code="c">DE-101</subfield>
<subfield code="d">9999</subfield>
</datafield>
<datafield ind1=" " ind2=" " tag="041">
<subfield code="a">ger</subfield>
</datafield>
<datafield ind1=" " ind2=" " tag="044">
<subfield code="c">XA-DE</subfield>
</datafield>
<datafield ind1="7" ind2="4" tag="082">
<subfield code="a">830</subfield>
<subfield code="a">B</subfield>
<subfield code="q">DE-101</subfield>
<subfield code="2">23sdnb</subfield>
</datafield>
<datafield ind1="0" ind2="0" tag="245">
<subfield code="a">G. F. Unger</subfield>
<subfield code="n">2022,Bd.2179</subfield>
<subfield code="p">Blizzard-Fehde</subfield>
</datafield>
<datafield ind1="3" ind2="1" tag="264">
<subfield code="a">Köln</subfield>
<subfield code="b">Bastei Lübbe AG</subfield>
<subfield code="c">2022</subfield>
</datafield>
<datafield ind1=" " ind2=" " tag="336">
<subfield code="a">Text</subfield>
<subfield code="b">txt</subfield>
<subfield code="2">rdacontent</subfield>
</datafield>
<datafield ind1=" " ind2=" " tag="337">
<subfield code="a">ohne Hilfsmittel zu benutzen</subfield>
<subfield code="b">n</subfield>
<subfield code="2">rdamedia</subfield>
</datafield>
<datafield ind1=" " ind2=" " tag="338">
<subfield code="a">Band</subfield>
<subfield code="b">nc</subfield>
<subfield code="2">rdacarrier</subfield>
</datafield>
<datafield ind1="0" ind2="8" tag="773">
<subfield code="q">42022 bd 42179</subfield>
<subfield code="w">(DE-101)550797645</subfield>
</datafield>
<datafield ind1=" " ind2=" " tag="850">
<subfield code="a">DE-101a</subfield>
<subfield code="a">DE-101b</subfield>
</datafield>
<datafield ind1="r" ind2=" " tag="925">
<subfield code="a">ra</subfield>
</datafield>
</record>