<record type="Bibliographic" xmlns="http://www.loc.gov/MARC21/slim">
<leader>00000nam a22000008c 4500</leader>
<controlfield tag="001">1240551371</controlfield>
<controlfield tag="003">DE-101</controlfield>
<controlfield tag="005">20221015030758.0</controlfield>
<controlfield tag="007">tu</controlfield>
<controlfield tag="008">210904s2021    gw ||||| |||| 00||||ger  </controlfield>
<datafield ind1=" " ind2=" " tag="015">
<subfield code="a">21,N36</subfield>
<subfield code="2">dnb</subfield>
</datafield>
<datafield ind1="7" ind2=" " tag="016">
<subfield code="2">DE-101</subfield>
<subfield code="a">1240551371</subfield>
</datafield>
<datafield ind1=" " ind2=" " tag="020">
<subfield code="a">9783347382657</subfield>
<subfield code="c">: EUR 18.00 (DE), EUR 18.50 (AT), CHF 19.99 (freier Preis)</subfield>
<subfield code="9">978-3-347-38265-7</subfield>
</datafield>
<datafield ind1=" " ind2=" " tag="020">
<subfield code="a">334738265X</subfield>
<subfield code="9">3-347-38265-X</subfield>
</datafield>
<datafield ind1="3" ind2=" " tag="024">
<subfield code="a">9783347382657</subfield>
</datafield>
<datafield ind1=" " ind2=" " tag="035">
<subfield code="a">(DE-599)DNB1240551371</subfield>
</datafield>
<datafield ind1=" " ind2=" " tag="035">
<subfield code="a">(OCoLC)1267473306</subfield>
</datafield>
<datafield ind1=" " ind2=" " tag="040">
<subfield code="a">1245</subfield>
<subfield code="b">ger</subfield>
<subfield code="c">DE-101</subfield>
<subfield code="d">9999</subfield>
</datafield>
<datafield ind1=" " ind2=" " tag="041">
<subfield code="a">ger</subfield>
</datafield>
<datafield ind1=" " ind2=" " tag="044">
<subfield code="c">XA-DE-HH</subfield>
</datafield>
<datafield ind1="7" ind2="4" tag="082">
<subfield code="8">5\p</subfield>
<subfield code="a">830</subfield>
<subfield code="a">B</subfield>
<subfield code="q">DE-101</subfield>
<subfield code="2">23sdnb</subfield>
</datafield>
<datafield ind1="1" ind2=" " tag="100">
<subfield code="8">1\p</subfield>
<subfield code="0">(DE-588)1245807404</subfield>
<subfield code="0">https://d-nb.info/gnd/1245807404</subfield>
<subfield code="0">(DE-101)1245807404</subfield>
<subfield code="a">Bestgen, Judith L.</subfield>
<subfield code="d">1992-</subfield>
<subfield code="e">Verfasser</subfield>
<subfield code="4">aut</subfield>
<subfield code="2">gnd</subfield>
</datafield>
<datafield ind1="1" ind2="0" tag="245">
<subfield code="a">Die Fehde der Gezeiten</subfield>
<subfield code="b">Band 1 und 2 in einem Buch</subfield>
<subfield code="c">Judith L. Bestgen, Roberta Altmann</subfield>
</datafield>
<datafield ind1=" " ind2=" " tag="250">
<subfield code="a">1. Auflage</subfield>
</datafield>
<datafield ind1=" " ind2=" " tag="263">
<subfield code="a">202109</subfield>
</datafield>
<datafield ind1=" " ind2="1" tag="264">
<subfield code="a">Hamburg</subfield>
<subfield code="b">tredition</subfield>
<subfield code="c">2021</subfield>
</datafield>
<datafield ind1=" " ind2=" " tag="300">
<subfield code="a">548 Seiten</subfield>
<subfield code="c">21 cm x 14.8 cm, 784 g</subfield>
</datafield>
<datafield ind1=" " ind2=" " tag="336">
<subfield code="a">Text</subfield>
<subfield code="b">txt</subfield>
<subfield code="2">rdacontent</subfield>
</datafield>
<datafield ind1=" " ind2=" " tag="337">
<subfield code="a">ohne Hilfsmittel zu benutzen</subfield>
<subfield code="b">n</subfield>
<subfield code="2">rdamedia</subfield>
</datafield>
<datafield ind1=" " ind2=" " tag="338">
<subfield code="a">Band</subfield>
<subfield code="b">nc</subfield>
<subfield code="2">rdacarrier</subfield>
</datafield>
<datafield ind1="1" ind2=" " tag="490">
<subfield code="a">Above All Else</subfield>
<subfield code="v">1</subfield>
</datafield>
<datafield ind1=" " ind2=" " tag="653">
<subfield code="a">(Produktform)Paperback / softback</subfield>
</datafield>
<datafield ind1=" " ind2=" " tag="653">
<subfield code="a">(BISAC Subject Heading)FIC009000</subfield>
</datafield>
<datafield ind1=" " ind2=" " tag="653">
<subfield code="a">(BISAC Subject Heading)FGK</subfield>
</datafield>
<datafield ind1=" " ind2=" " tag="653">
<subfield code="a">Karibik</subfield>
</datafield>
<datafield ind1=" " ind2=" " tag="653">
<subfield code="a">Piraten</subfield>
</datafield>
<datafield ind1=" " ind2=" " tag="653">
<subfield code="a">meerjungfrauen</subfield>
</datafield>
<datafield ind1=" " ind2=" " tag="653">
<subfield code="a">Sirenen</subfield>
</datafield>
<datafield ind1=" " ind2=" " tag="653">
<subfield code="a">Piratenliteratur</subfield>
</datafield>
<datafield ind1=" " ind2=" " tag="653">
<subfield code="a">Piraten der Karibik</subfield>
</datafield>
<datafield ind1=" " ind2=" " tag="653">
<subfield code="a">Goldenes Zeitalter der Piraterie</subfield>
</datafield>
<datafield ind1=" " ind2=" " tag="653">
<subfield code="a">Piratenfantasy</subfield>
</datafield>
<datafield ind1=" " ind2=" " tag="653">
<subfield code="a">historische Fantasy mit Piraten</subfield>
</datafield>
<datafield ind1=" " ind2=" " tag="653">
<subfield code="a">(BISAC Subject Heading)FIC009000</subfield>
</datafield>
<datafield ind1=" " ind2=" " tag="653">
<subfield code="a">(BIC subject category)FGK</subfield>
</datafield>
<datafield ind1=" " ind2=" " tag="653">
<subfield code="a">(VLB-WN)1130: Hardcover, Softcover / Belletristik/Science Fiction, Fantasy</subfield>
</datafield>
<datafield ind1=" " ind2="7" tag="655">
<subfield code="0">(DE-101)1010879995</subfield>
<subfield code="a">Science Fiction, Fantasy</subfield>
<subfield code="2">gatbeg</subfield>
</datafield>
<datafield ind1="1" ind2=" " tag="700">
<subfield code="8">2\p</subfield>
<subfield code="0">(DE-588)1245807498</subfield>
<subfield code="0">https://d-nb.info/gnd/1245807498</subfield>
<subfield code="0">(DE-101)1245807498</subfield>
<subfield code="a">Altmann, Roberta</subfield>
<subfield code="d">1992-</subfield>
<subfield code="e">Verfasser</subfield>
<subfield code="4">aut</subfield>
<subfield code="2">gnd</subfield>
</datafield>
<datafield ind1="1" ind2=" " tag="700">
<subfield code="8">3\p</subfield>
<subfield code="a">Altmann, Dorothee</subfield>
<subfield code="e">Illustrator</subfield>
<subfield code="4">ill</subfield>
</datafield>
<datafield ind1="2" ind2=" " tag="710">
<subfield code="8">4\p</subfield>
<subfield code="0">(DE-588)16092129-6</subfield>
<subfield code="0">https://d-nb.info/gnd/16092129-6</subfield>
<subfield code="0">(DE-101)1008731927</subfield>
<subfield code="a">Tredition GmbH</subfield>
<subfield code="g">Hamburg</subfield>
<subfield code="e">Verlag</subfield>
<subfield code="4">pbl</subfield>
<subfield code="2">gnd</subfield>
</datafield>
<datafield ind1="0" ind2="8" tag="776">
<subfield code="i">Erscheint auch als</subfield>
<subfield code="n">Online-Ausgabe</subfield>
<subfield code="a">Bestgen, Judith L., 1992-</subfield>
<subfield code="t">Die Fehde der Gezeiten</subfield>
<subfield code="d">Hamburg : tredition, 2021</subfield>
<subfield code="h">Online-Ressource, 548 Seiten</subfield>
<subfield code="w">(DE-101)1240672535</subfield>
<subfield code="b">1. Auflage</subfield>
</datafield>
<datafield ind1="0" ind2="8" tag="776">
<subfield code="i">Erscheint auch als</subfield>
<subfield code="n">Online-Ausgabe</subfield>
<subfield code="z">9783347382671</subfield>
</datafield>
<datafield ind1="0" ind2="8" tag="776">
<subfield code="i">Erscheint auch als</subfield>
<subfield code="n">Druck-Ausgabe</subfield>
<subfield code="z">9783347382664</subfield>
</datafield>
<datafield ind1=" " ind2="0" tag="830">
<subfield code="a">Above All Else</subfield>
<subfield code="v">1</subfield>
</datafield>
<datafield ind1="4" ind2="2" tag="856">
<subfield code="m">X:MVB</subfield>
<subfield code="u">https://tredition.de/publish-books/?books/ID164008</subfield>
</datafield>
<datafield ind1=" " ind2=" " tag="883">
<subfield code="8">1\p</subfield>
<subfield code="a">cgwrk</subfield>
<subfield code="d">20220812</subfield>
<subfield code="q">DE-101</subfield>
<subfield code="u">https://d-nb.info/provenance/plan#cgwrk</subfield>
</datafield>
<datafield ind1=" " ind2=" " tag="883">
<subfield code="8">2\p</subfield>
<subfield code="a">cgwrk</subfield>
<subfield code="d">20220812</subfield>
<subfield code="q">DE-101</subfield>
<subfield code="u">https://d-nb.info/provenance/plan#cgwrk</subfield>
</datafield>
<datafield ind1="1" ind2=" " tag="883">
<subfield code="8">3\p</subfield>
<subfield code="a">vlb</subfield>
<subfield code="d">20210904</subfield>
<subfield code="q">DE-101</subfield>
<subfield code="u">https://d-nb.info/provenance/plan#vlb</subfield>
</datafield>
<datafield ind1="1" ind2=" " tag="883">
<subfield code="8">4\p</subfield>
<subfield code="a">adb</subfield>
<subfield code="d">20210904</subfield>
<subfield code="q">DE-101</subfield>
<subfield code="u">https://d-nb.info/provenance/plan#adb</subfield>
</datafield>
<datafield ind1="1" ind2=" " tag="883">
<subfield code="8">5\p</subfield>
<subfield code="a">vlb</subfield>
<subfield code="d">20210904</subfield>
<subfield code="q">DE-101</subfield>
<subfield code="u">https://d-nb.info/provenance/plan#vlb</subfield>
</datafield>
<datafield ind1="w" ind2=" " tag="925">
<subfield code="a">c</subfield>
</datafield>
</record>