<record type="Bibliographic" xmlns="http://www.loc.gov/MARC21/slim">
<leader>00000nam a2200000 cb4500</leader>
<controlfield tag="001">1251018009</controlfield>
<controlfield tag="003">DE-101</controlfield>
<controlfield tag="005">20220609121010.0</controlfield>
<controlfield tag="007">tu</controlfield>
<controlfield tag="008">220204s2021    gw ||||| |||| 00||||ger  </controlfield>
<datafield ind1=" " ind2=" " tag="015">
<subfield code="a">22,B23</subfield>
<subfield code="2">dnb</subfield>
</datafield>
<datafield ind1="7" ind2=" " tag="016">
<subfield code="2">DE-101</subfield>
<subfield code="a">1251018009</subfield>
</datafield>
<datafield ind1=" " ind2=" " tag="020">
<subfield code="a">9798722332325</subfield>
<subfield code="c">Broschur</subfield>
<subfield code="9">979-8-72233-232-5</subfield>
</datafield>
<datafield ind1=" " ind2=" " tag="035">
<subfield code="a">(DE-599)DNB1251018009</subfield>
</datafield>
<datafield ind1=" " ind2=" " tag="035">
<subfield code="a">(OCoLC)1327679416</subfield>
</datafield>
<datafield ind1=" " ind2=" " tag="040">
<subfield code="a">1180</subfield>
<subfield code="b">ger</subfield>
<subfield code="c">DE-101</subfield>
<subfield code="d">9999</subfield>
<subfield code="e">rda</subfield>
</datafield>
<datafield ind1=" " ind2=" " tag="041">
<subfield code="a">ger</subfield>
</datafield>
<datafield ind1=" " ind2=" " tag="044">
<subfield code="c">XA-DE</subfield>
</datafield>
<datafield ind1="7" ind2="4" tag="082">
<subfield code="8">2\p</subfield>
<subfield code="a">830</subfield>
<subfield code="a">B</subfield>
<subfield code="q">DE-101</subfield>
<subfield code="2">23sdnb</subfield>
</datafield>
<datafield ind1="1" ind2=" " tag="100">
<subfield code="8">1\p</subfield>
<subfield code="0">(DE-588)1246846985</subfield>
<subfield code="0">https://d-nb.info/gnd/1246846985</subfield>
<subfield code="0">(DE-101)1246846985</subfield>
<subfield code="a">Clever, Florian</subfield>
<subfield code="e">Verfasser</subfield>
<subfield code="4">aut</subfield>
<subfield code="2">gnd</subfield>
</datafield>
<datafield ind1="1" ind2="0" tag="245">
<subfield code="a">Eisige Fehde</subfield>
<subfield code="b">Roman</subfield>
<subfield code="c">Florian Clever</subfield>
</datafield>
<datafield ind1=" " ind2=" " tag="250">
<subfield code="a">1. Auflage</subfield>
</datafield>
<datafield ind1=" " ind2=" " tag="259">
<subfield code="a">11</subfield>
</datafield>
<datafield ind1=" " ind2="1" tag="264">
<subfield code="a">Düsseldorf</subfield>
<subfield code="b">Florian Clever</subfield>
<subfield code="c">[2021]</subfield>
</datafield>
<datafield ind1=" " ind2=" " tag="300">
<subfield code="a">339 Seiten</subfield>
<subfield code="b">Illustrationen</subfield>
<subfield code="c">21 cm</subfield>
</datafield>
<datafield ind1=" " ind2=" " tag="336">
<subfield code="a">Text</subfield>
<subfield code="b">txt</subfield>
<subfield code="2">rdacontent</subfield>
</datafield>
<datafield ind1=" " ind2=" " tag="337">
<subfield code="a">ohne Hilfsmittel zu benutzen</subfield>
<subfield code="b">n</subfield>
<subfield code="2">rdamedia</subfield>
</datafield>
<datafield ind1=" " ind2=" " tag="338">
<subfield code="a">Band</subfield>
<subfield code="b">nc</subfield>
<subfield code="2">rdacarrier</subfield>
</datafield>
<datafield ind1="1" ind2=" " tag="490">
<subfield code="a">Der weiße Kristall / Florian Clever</subfield>
<subfield code="v">1</subfield>
</datafield>
<datafield ind1=" " ind2="7" tag="655">
<subfield code="0">(DE-588)1071854844</subfield>
<subfield code="0">https://d-nb.info/gnd/1071854844</subfield>
<subfield code="0">(DE-101)1071854844</subfield>
<subfield code="a">Fiktionale Darstellung</subfield>
<subfield code="2">gnd-content</subfield>
</datafield>
<datafield ind1=" " ind2="7" tag="655">
<subfield code="0">(DE-101)1010885626</subfield>
<subfield code="a">Fantasy</subfield>
<subfield code="2">gatbeg</subfield>
</datafield>
<datafield ind1="1" ind2=" " tag="800">
<subfield code="a">Clever, Florian</subfield>
<subfield code="4">aut</subfield>
<subfield code="t">Der weiße Kristall</subfield>
<subfield code="v">1</subfield>
<subfield code="w">(DE-101)1259000478</subfield>
<subfield code="9">11</subfield>
<subfield code="7">am</subfield>
</datafield>
<datafield ind1=" " ind2=" " tag="850">
<subfield code="a">DE-101a</subfield>
<subfield code="a">DE-101b</subfield>
</datafield>
<datafield ind1="4" ind2="2" tag="856">
<subfield code="m">B:DE-101</subfield>
<subfield code="q">application/pdf</subfield>
<subfield code="u">https://d-nb.info/1251018009/04</subfield>
<subfield code="3">Inhaltsverzeichnis</subfield>
</datafield>
<datafield ind1="2" ind2=" " tag="883">
<subfield code="8">1\p</subfield>
<subfield code="a">dnb</subfield>
<subfield code="d">20220602</subfield>
<subfield code="q">DE-101</subfield>
<subfield code="u">https://d-nb.info/provenance/plan#dnb</subfield>
</datafield>
<datafield ind1="2" ind2=" " tag="883">
<subfield code="8">2\p</subfield>
<subfield code="a">dnb</subfield>
<subfield code="d">20220603</subfield>
<subfield code="q">DE-101</subfield>
<subfield code="u">https://d-nb.info/provenance/plan#dnb</subfield>
</datafield>
<datafield ind1="r" ind2=" " tag="925">
<subfield code="a">rb</subfield>
</datafield>
</record>