<record type="Bibliographic" xmlns="http://www.loc.gov/MARC21/slim">
<leader>00000nam a2200000uc 4500</leader>
<controlfield tag="001">1239655517</controlfield>
<controlfield tag="003">DE-101</controlfield>
<controlfield tag="005">20210923191829.0</controlfield>
<controlfield tag="007">cr||||||||||||</controlfield>
<controlfield tag="008">210824s2021    gw |||||o|||| 00||||ger  </controlfield>
<datafield ind1=" " ind2=" " tag="015">
<subfield code="a">21,O09</subfield>
<subfield code="2">dnb</subfield>
</datafield>
<datafield ind1="7" ind2=" " tag="016">
<subfield code="2">DE-101</subfield>
<subfield code="a">1239655517</subfield>
</datafield>
<datafield ind1=" " ind2=" " tag="020">
<subfield code="a">9783751719872</subfield>
<subfield code="9">978-3-7517-1987-2</subfield>
</datafield>
<datafield ind1="7" ind2=" " tag="024">
<subfield code="2">urn</subfield>
<subfield code="a">urn:nbn:de:101:1-2021082405281014158452</subfield>
</datafield>
<datafield ind1=" " ind2=" " tag="035">
<subfield code="a">(DE-599)DNB1239655517</subfield>
</datafield>
<datafield ind1=" " ind2=" " tag="035">
<subfield code="a">(OCoLC)1267493104</subfield>
</datafield>
<datafield ind1=" " ind2=" " tag="040">
<subfield code="a">1140</subfield>
<subfield code="b">ger</subfield>
<subfield code="c">DE-101</subfield>
<subfield code="d">9999</subfield>
</datafield>
<datafield ind1=" " ind2=" " tag="041">
<subfield code="8">1\p</subfield>
<subfield code="a">ger</subfield>
</datafield>
<datafield ind1=" " ind2=" " tag="044">
<subfield code="c">XA-DE-NW</subfield>
</datafield>
<datafield ind1="7" ind2="4" tag="082">
<subfield code="8">3\p</subfield>
<subfield code="a">830</subfield>
<subfield code="a">B</subfield>
<subfield code="q">DE-101</subfield>
<subfield code="2">23sdnb</subfield>
</datafield>
<datafield ind1="1" ind2=" " tag="100">
<subfield code="8">2\p</subfield>
<subfield code="a">Unger, G. F.</subfield>
<subfield code="e">Verfasser</subfield>
<subfield code="4">aut</subfield>
</datafield>
<datafield ind1="1" ind2="0" tag="245">
<subfield code="a">G. F. Unger Western-Bestseller 2533</subfield>
<subfield code="b">Nebraska-Fehde</subfield>
<subfield code="c">G. F. Unger</subfield>
</datafield>
<datafield ind1=" " ind2=" " tag="250">
<subfield code="a">1. Auflage 2021</subfield>
</datafield>
<datafield ind1=" " ind2=" " tag="259">
<subfield code="a">11</subfield>
</datafield>
<datafield ind1=" " ind2="1" tag="264">
<subfield code="a">Köln</subfield>
<subfield code="b">Bastei Lübbe</subfield>
<subfield code="c">2021</subfield>
</datafield>
<datafield ind1=" " ind2=" " tag="300">
<subfield code="a">Online-Ressource, 64 Seiten</subfield>
</datafield>
<datafield ind1=" " ind2=" " tag="336">
<subfield code="a">Text</subfield>
<subfield code="b">txt</subfield>
<subfield code="2">rdacontent</subfield>
</datafield>
<datafield ind1=" " ind2=" " tag="337">
<subfield code="a">Computermedien</subfield>
<subfield code="b">c</subfield>
<subfield code="2">rdamedia</subfield>
</datafield>
<datafield ind1=" " ind2=" " tag="338">
<subfield code="a">Online-Ressource</subfield>
<subfield code="b">cr</subfield>
<subfield code="2">rdacarrier</subfield>
</datafield>
<datafield ind1="1" ind2=" " tag="490">
<subfield code="a">Western-Bestseller</subfield>
<subfield code="v">2533</subfield>
</datafield>
<datafield ind1="1" ind2=" " tag="583">
<subfield code="a">Archivierung/Langzeitarchivierung gewährleistet</subfield>
<subfield code="5">DE-101</subfield>
<subfield code="2">pdager</subfield>
</datafield>
<datafield ind1=" " ind2=" " tag="653">
<subfield code="a">(Produktform)Electronic book text</subfield>
</datafield>
<datafield ind1=" " ind2=" " tag="653">
<subfield code="a">(Lesealter)ab 16 bis 99 Jahre</subfield>
</datafield>
<datafield ind1=" " ind2=" " tag="653">
<subfield code="a">deutsch</subfield>
</datafield>
<datafield ind1=" " ind2=" " tag="653">
<subfield code="a">ebook</subfield>
</datafield>
<datafield ind1=" " ind2=" " tag="653">
<subfield code="a">ebooks</subfield>
</datafield>
<datafield ind1=" " ind2=" " tag="653">
<subfield code="a">kindle</subfield>
</datafield>
<datafield ind1=" " ind2=" " tag="653">
<subfield code="a">bestseller</subfield>
</datafield>
<datafield ind1=" " ind2=" " tag="653">
<subfield code="a">für</subfield>
</datafield>
<datafield ind1=" " ind2=" " tag="653">
<subfield code="a">erwachsene</subfield>
</datafield>
<datafield ind1=" " ind2=" " tag="653">
<subfield code="a">männer</subfield>
</datafield>
<datafield ind1=" " ind2=" " tag="653">
<subfield code="a">country</subfield>
</datafield>
<datafield ind1=" " ind2=" " tag="653">
<subfield code="a">exklusiv</subfield>
</datafield>
<datafield ind1=" " ind2=" " tag="653">
<subfield code="a">alfred-bekker</subfield>
</datafield>
<datafield ind1=" " ind2=" " tag="653">
<subfield code="a">g f Barner</subfield>
</datafield>
<datafield ind1=" " ind2=" " tag="653">
<subfield code="a">Cassidy</subfield>
</datafield>
<datafield ind1=" " ind2=" " tag="653">
<subfield code="a">Wyatt-Earp</subfield>
</datafield>
<datafield ind1=" " ind2=" " tag="653">
<subfield code="a">Ringo</subfield>
</datafield>
<datafield ind1=" " ind2=" " tag="653">
<subfield code="a">Laredo</subfield>
</datafield>
<datafield ind1=" " ind2=" " tag="653">
<subfield code="a">Roman-Heft</subfield>
</datafield>
<datafield ind1=" " ind2=" " tag="653">
<subfield code="a">Klassiker</subfield>
</datafield>
<datafield ind1=" " ind2=" " tag="653">
<subfield code="a">Serie</subfield>
</datafield>
<datafield ind1=" " ind2=" " tag="653">
<subfield code="a">karl may</subfield>
</datafield>
<datafield ind1=" " ind2=" " tag="653">
<subfield code="a">abenteuer-roman</subfield>
</datafield>
<datafield ind1=" " ind2=" " tag="653">
<subfield code="a">western-roman</subfield>
</datafield>
<datafield ind1=" " ind2=" " tag="653">
<subfield code="a">clint-eastwood</subfield>
</datafield>
<datafield ind1=" " ind2=" " tag="653">
<subfield code="a">buffalo-bill</subfield>
</datafield>
<datafield ind1=" " ind2=" " tag="653">
<subfield code="a">jack-slade</subfield>
</datafield>
<datafield ind1=" " ind2=" " tag="653">
<subfield code="a">sonder-edition</subfield>
</datafield>
<datafield ind1=" " ind2=" " tag="653">
<subfield code="a">Wilder-Westen</subfield>
</datafield>
<datafield ind1=" " ind2=" " tag="653">
<subfield code="a">Cowboy</subfield>
</datafield>
<datafield ind1=" " ind2=" " tag="653">
<subfield code="a">Indianer</subfield>
</datafield>
<datafield ind1=" " ind2=" " tag="653">
<subfield code="a">reihe</subfield>
</datafield>
<datafield ind1=" " ind2=" " tag="653">
<subfield code="a">2017</subfield>
</datafield>
<datafield ind1=" " ind2=" " tag="653">
<subfield code="a">2018</subfield>
</datafield>
<datafield ind1=" " ind2=" " tag="653">
<subfield code="a">krimi</subfield>
</datafield>
<datafield ind1=" " ind2=" " tag="653">
<subfield code="a">jugend</subfield>
</datafield>
<datafield ind1=" " ind2=" " tag="653">
<subfield code="a">lassiter</subfield>
</datafield>
<datafield ind1=" " ind2=" " tag="653">
<subfield code="a">peter-dubina</subfield>
</datafield>
<datafield ind1=" " ind2=" " tag="653">
<subfield code="a">larry-lash</subfield>
</datafield>
<datafield ind1=" " ind2=" " tag="653">
<subfield code="a">pete-hackett</subfield>
</datafield>
<datafield ind1=" " ind2=" " tag="653">
<subfield code="a">lucky-luke</subfield>
</datafield>
<datafield ind1=" " ind2=" " tag="653">
<subfield code="a">bud-spencer</subfield>
</datafield>
<datafield ind1=" " ind2=" " tag="653">
<subfield code="a">winnetou</subfield>
</datafield>
<datafield ind1=" " ind2=" " tag="653">
<subfield code="a">martin-wachter</subfield>
</datafield>
<datafield ind1=" " ind2=" " tag="653">
<subfield code="a">e-book</subfield>
</datafield>
<datafield ind1=" " ind2=" " tag="653">
<subfield code="a">kelter-verlag</subfield>
</datafield>
<datafield ind1=" " ind2=" " tag="653">
<subfield code="a">gf</subfield>
</datafield>
<datafield ind1=" " ind2=" " tag="653">
<subfield code="a">chaco</subfield>
</datafield>
<datafield ind1=" " ind2=" " tag="653">
<subfield code="a">e book</subfield>
</datafield>
<datafield ind1=" " ind2=" " tag="653">
<subfield code="a">e books</subfield>
</datafield>
<datafield ind1=" " ind2=" " tag="653">
<subfield code="a">Wyatt Earp</subfield>
</datafield>
<datafield ind1=" " ind2=" " tag="653">
<subfield code="a">Wilder Westen</subfield>
</datafield>
<datafield ind1=" " ind2=" " tag="653">
<subfield code="a">Western</subfield>
</datafield>
<datafield ind1=" " ind2=" " tag="653">
<subfield code="a">(VLB-WN)9120</subfield>
</datafield>
<datafield ind1=" " ind2="7" tag="655">
<subfield code="0">(DE-101)1010874004</subfield>
<subfield code="a">Spannung</subfield>
<subfield code="2">gatbeg</subfield>
</datafield>
<datafield ind1=" " ind2="0" tag="830">
<subfield code="a">Western-Bestseller</subfield>
<subfield code="v">2533</subfield>
</datafield>
<datafield ind1=" " ind2=" " tag="850">
<subfield code="a">DE-101a</subfield>
<subfield code="a">DE-101b</subfield>
</datafield>
<datafield ind1="4" ind2="0" tag="856">
<subfield code="u">https://nbn-resolving.org/urn:nbn:de:101:1-2021082405281014158452</subfield>
<subfield code="x">Resolving-System</subfield>
</datafield>
<datafield ind1=" " ind2="0" tag="856">
<subfield code="u">https://d-nb.info/1239655517/34</subfield>
<subfield code="x">Langzeitarchivierung Nationalbibliothek</subfield>
</datafield>
<datafield ind1="4" ind2=" " tag="856">
<subfield code="q">epub</subfield>
</datafield>
<datafield ind1="1" ind2=" " tag="883">
<subfield code="8">1\p</subfield>
<subfield code="a">npi</subfield>
<subfield code="d">20210824</subfield>
<subfield code="q">DE-101</subfield>
<subfield code="u">https://d-nb.info/provenance/plan#npi</subfield>
</datafield>
<datafield ind1="1" ind2=" " tag="883">
<subfield code="8">2\p</subfield>
<subfield code="a">npi</subfield>
<subfield code="d">20210824</subfield>
<subfield code="q">DE-101</subfield>
<subfield code="u">https://d-nb.info/provenance/plan#npi</subfield>
</datafield>
<datafield ind1="1" ind2=" " tag="883">
<subfield code="8">3\p</subfield>
<subfield code="a">npi</subfield>
<subfield code="d">20210824</subfield>
<subfield code="q">DE-101</subfield>
<subfield code="u">https://d-nb.info/provenance/plan#npi</subfield>
</datafield>
<datafield ind1="r" ind2=" " tag="925">
<subfield code="a">ro</subfield>
<subfield code="a">ra</subfield>
</datafield>
<datafield ind1=" " ind2=" " tag="927">
<subfield code="a">235470851</subfield>
</datafield>
</record>