<record type="Bibliographic" xmlns="http://www.loc.gov/MARC21/slim">
<leader>00000nam a2200000uc 4500</leader>
<controlfield tag="001">1213448794</controlfield>
<controlfield tag="003">DE-101</controlfield>
<controlfield tag="005">20201217230214.0</controlfield>
<controlfield tag="007">cr||||||||||||</controlfield>
<controlfield tag="008">200709s2020    gw |||||o|||| 00||||ger  </controlfield>
<datafield ind1=" " ind2=" " tag="015">
<subfield code="a">20,O08</subfield>
<subfield code="2">dnb</subfield>
</datafield>
<datafield ind1="7" ind2=" " tag="016">
<subfield code="2">DE-101</subfield>
<subfield code="a">1213448794</subfield>
</datafield>
<datafield ind1=" " ind2=" " tag="020">
<subfield code="a">9783740967581</subfield>
<subfield code="9">978-3-7409-6758-1</subfield>
</datafield>
<datafield ind1="3" ind2=" " tag="024">
<subfield code="a">9783740967581</subfield>
</datafield>
<datafield ind1="7" ind2=" " tag="024">
<subfield code="2">urn</subfield>
<subfield code="a">urn:nbn:de:101:1-2020070904223178901591</subfield>
</datafield>
<datafield ind1=" " ind2=" " tag="035">
<subfield code="a">(DE-599)DNB1213448794</subfield>
</datafield>
<datafield ind1=" " ind2=" " tag="035">
<subfield code="a">(OCoLC)1199672069</subfield>
</datafield>
<datafield ind1=" " ind2=" " tag="040">
<subfield code="a">1240</subfield>
<subfield code="b">ger</subfield>
<subfield code="c">DE-101</subfield>
<subfield code="d">9999</subfield>
</datafield>
<datafield ind1=" " ind2=" " tag="041">
<subfield code="a">ger</subfield>
</datafield>
<datafield ind1=" " ind2=" " tag="044">
<subfield code="c">XA-DE-HH</subfield>
</datafield>
<datafield ind1="7" ind2="4" tag="082">
<subfield code="8">2\p</subfield>
<subfield code="a">830</subfield>
<subfield code="a">B</subfield>
<subfield code="q">DE-101</subfield>
<subfield code="2">23sdnb</subfield>
</datafield>
<datafield ind1="1" ind2=" " tag="100">
<subfield code="8">1\p</subfield>
<subfield code="0">(DE-588)1143744152</subfield>
<subfield code="0">https://d-nb.info/gnd/1143744152</subfield>
<subfield code="0">(DE-101)1143744152</subfield>
<subfield code="a">Barner, G. F.</subfield>
<subfield code="d">1928-2002</subfield>
<subfield code="e">Verfasser</subfield>
<subfield code="4">aut</subfield>
<subfield code="2">gnd</subfield>
</datafield>
<datafield ind1="1" ind2="0" tag="245">
<subfield code="a">G.F. Barner 176 – Western</subfield>
<subfield code="b">Nueces-Fehde</subfield>
<subfield code="c">G.F. Barner</subfield>
</datafield>
<datafield ind1=" " ind2="1" tag="264">
<subfield code="a">Hamburg</subfield>
<subfield code="b">Kelter Media</subfield>
<subfield code="c">2020</subfield>
</datafield>
<datafield ind1=" " ind2=" " tag="300">
<subfield code="a">Online-Ressource, 64 Seiten</subfield>
</datafield>
<datafield ind1=" " ind2=" " tag="336">
<subfield code="a">Text</subfield>
<subfield code="b">txt</subfield>
<subfield code="2">rdacontent</subfield>
</datafield>
<datafield ind1=" " ind2=" " tag="337">
<subfield code="a">Computermedien</subfield>
<subfield code="b">c</subfield>
<subfield code="2">rdamedia</subfield>
</datafield>
<datafield ind1=" " ind2=" " tag="338">
<subfield code="a">Online-Ressource</subfield>
<subfield code="b">cr</subfield>
<subfield code="2">rdacarrier</subfield>
</datafield>
<datafield ind1="1" ind2=" " tag="490">
<subfield code="a">G.F. Barner</subfield>
<subfield code="v">176</subfield>
</datafield>
<datafield ind1="1" ind2=" " tag="583">
<subfield code="a">Archivierung/Langzeitarchivierung gewährleistet</subfield>
<subfield code="5">DE-101</subfield>
<subfield code="2">pdager</subfield>
</datafield>
<datafield ind1=" " ind2=" " tag="653">
<subfield code="a">(Produktform)Electronic book text</subfield>
</datafield>
<datafield ind1=" " ind2=" " tag="653">
<subfield code="a">(BISAC Subject Heading)FIC033000</subfield>
</datafield>
<datafield ind1=" " ind2=" " tag="653">
<subfield code="a">(BISAC Subject Heading)FIC002000</subfield>
</datafield>
<datafield ind1=" " ind2=" " tag="653">
<subfield code="a">G.F. Unger</subfield>
</datafield>
<datafield ind1=" " ind2=" " tag="653">
<subfield code="a">GF Barner</subfield>
</datafield>
<datafield ind1=" " ind2=" " tag="653">
<subfield code="a">BF Garner</subfield>
</datafield>
<datafield ind1=" " ind2=" " tag="653">
<subfield code="a">Cowboy</subfield>
</datafield>
<datafield ind1=" " ind2=" " tag="653">
<subfield code="a">Cowboys</subfield>
</datafield>
<datafield ind1=" " ind2=" " tag="653">
<subfield code="a">Indianer</subfield>
</datafield>
<datafield ind1=" " ind2=" " tag="653">
<subfield code="a">Wild West</subfield>
</datafield>
<datafield ind1=" " ind2=" " tag="653">
<subfield code="a">Wilder Westen</subfield>
</datafield>
<datafield ind1=" " ind2=" " tag="653">
<subfield code="a">Prärie</subfield>
</datafield>
<datafield ind1=" " ind2=" " tag="653">
<subfield code="a">Duell</subfield>
</datafield>
<datafield ind1=" " ind2=" " tag="653">
<subfield code="a">Sheriff</subfield>
</datafield>
<datafield ind1=" " ind2=" " tag="653">
<subfield code="a">Colt</subfield>
</datafield>
<datafield ind1=" " ind2=" " tag="653">
<subfield code="a">Doc Holliday</subfield>
</datafield>
<datafield ind1=" " ind2=" " tag="653">
<subfield code="a">Wyatt Earp</subfield>
</datafield>
<datafield ind1=" " ind2=" " tag="653">
<subfield code="a">Cassidy</subfield>
</datafield>
<datafield ind1=" " ind2=" " tag="653">
<subfield code="a">Squaw</subfield>
</datafield>
<datafield ind1=" " ind2=" " tag="653">
<subfield code="a">Häuptling</subfield>
</datafield>
<datafield ind1=" " ind2=" " tag="653">
<subfield code="a">Saloon</subfield>
</datafield>
<datafield ind1=" " ind2=" " tag="653">
<subfield code="a">Duell</subfield>
</datafield>
<datafield ind1=" " ind2=" " tag="653">
<subfield code="a">Cassidy</subfield>
</datafield>
<datafield ind1=" " ind2=" " tag="653">
<subfield code="a">Die großen Western</subfield>
</datafield>
<datafield ind1=" " ind2=" " tag="653">
<subfield code="a">Martin Kelter Verlag</subfield>
</datafield>
<datafield ind1=" " ind2=" " tag="653">
<subfield code="a">(VLB-WN)9120</subfield>
</datafield>
<datafield ind1=" " ind2="7" tag="655">
<subfield code="0">(DE-101)1010874004</subfield>
<subfield code="a">Spannung</subfield>
<subfield code="2">gatbeg</subfield>
</datafield>
<datafield ind1=" " ind2="0" tag="830">
<subfield code="a">G.F. Barner</subfield>
<subfield code="v">176</subfield>
</datafield>
<datafield ind1=" " ind2=" " tag="850">
<subfield code="a">DE-101a</subfield>
<subfield code="a">DE-101b</subfield>
</datafield>
<datafield ind1="4" ind2="0" tag="856">
<subfield code="u">https://nbn-resolving.org/urn:nbn:de:101:1-2020070904223178901591</subfield>
<subfield code="x">Resolving-System</subfield>
</datafield>
<datafield ind1=" " ind2="0" tag="856">
<subfield code="u">https://d-nb.info/1213448794/34</subfield>
<subfield code="x">Langzeitarchivierung Nationalbibliothek</subfield>
</datafield>
<datafield ind1="4" ind2=" " tag="856">
<subfield code="q">epub</subfield>
<subfield code="u">http://www.kelter.de/</subfield>
<subfield code="x">Verlag</subfield>
</datafield>
<datafield ind1="2" ind2=" " tag="883">
<subfield code="8">1\p</subfield>
<subfield code="a">dnb</subfield>
<subfield code="d">20201119</subfield>
<subfield code="q">DE-101</subfield>
<subfield code="u">https://d-nb.info/provenance/plan#dnb</subfield>
</datafield>
<datafield ind1="1" ind2=" " tag="883">
<subfield code="8">2\p</subfield>
<subfield code="a">npi</subfield>
<subfield code="d">20200709</subfield>
<subfield code="q">DE-101</subfield>
<subfield code="u">https://d-nb.info/provenance/plan#npi</subfield>
</datafield>
<datafield ind1="r" ind2=" " tag="925">
<subfield code="a">ro</subfield>
<subfield code="a">ra</subfield>
</datafield>
<datafield ind1="1" ind2=" " tag="926">
<subfield code="a">FJW</subfield>
<subfield code="o">93</subfield>
<subfield code="v">1.0</subfield>
</datafield>
<datafield ind1=" " ind2=" " tag="927">
<subfield code="a">182616100</subfield>
</datafield>
</record>