<record type="Bibliographic" xmlns="http://www.loc.gov/MARC21/slim">
<leader>00000nam a2200000uc 4500</leader>
<controlfield tag="001">1213674018</controlfield>
<controlfield tag="003">DE-101</controlfield>
<controlfield tag="005">20210119223209.0</controlfield>
<controlfield tag="007">cr||||||||||||</controlfield>
<controlfield tag="008">200713s2020    gw |||||o|||| 00||||ger  </controlfield>
<datafield ind1=" " ind2=" " tag="015">
<subfield code="a">20,O08</subfield>
<subfield code="2">dnb</subfield>
</datafield>
<datafield ind1="7" ind2=" " tag="016">
<subfield code="2">DE-101</subfield>
<subfield code="a">1213674018</subfield>
</datafield>
<datafield ind1=" " ind2=" " tag="020">
<subfield code="a">9783736758643</subfield>
<subfield code="9">978-3-7367-5864-3</subfield>
</datafield>
<datafield ind1="3" ind2=" " tag="024">
<subfield code="a">9783736758643</subfield>
</datafield>
<datafield ind1="7" ind2=" " tag="024">
<subfield code="2">urn</subfield>
<subfield code="a">urn:nbn:de:101:1-2020071312185094957277</subfield>
</datafield>
<datafield ind1=" " ind2=" " tag="035">
<subfield code="a">(DE-599)DNB1213674018</subfield>
</datafield>
<datafield ind1=" " ind2=" " tag="035">
<subfield code="a">(OCoLC)1199728044</subfield>
</datafield>
<datafield ind1=" " ind2=" " tag="040">
<subfield code="a">1240</subfield>
<subfield code="b">ger</subfield>
<subfield code="c">DE-101</subfield>
<subfield code="d">9999</subfield>
</datafield>
<datafield ind1=" " ind2=" " tag="041">
<subfield code="8">1\p</subfield>
<subfield code="a">ger</subfield>
<subfield code="h">eng</subfield>
</datafield>
<datafield ind1=" " ind2=" " tag="044">
<subfield code="c">XA-DE-BW</subfield>
</datafield>
<datafield ind1="7" ind2="4" tag="082">
<subfield code="8">4\p</subfield>
<subfield code="a">741.5</subfield>
<subfield code="q">DE-101</subfield>
<subfield code="2">23sdnb</subfield>
</datafield>
<datafield ind1="1" ind2=" " tag="100">
<subfield code="0">(DE-588)1066394652</subfield>
<subfield code="0">https://d-nb.info/gnd/1066394652</subfield>
<subfield code="0">(DE-101)1066394652</subfield>
<subfield code="a">Starlin, Jim</subfield>
<subfield code="d">1949-</subfield>
<subfield code="e">Verfasser</subfield>
<subfield code="4">aut</subfield>
<subfield code="2">gnd</subfield>
</datafield>
<datafield ind1="1" ind2="0" tag="245">
<subfield code="a">Infinity Gauntlet - Die ewige Fehde</subfield>
<subfield code="c">Jim Starlin</subfield>
</datafield>
<datafield ind1=" " ind2="1" tag="264">
<subfield code="a">Stuttgart</subfield>
<subfield code="b">Marvel bei Panini Comics</subfield>
<subfield code="c">2020</subfield>
</datafield>
<datafield ind1=" " ind2=" " tag="300">
<subfield code="a">Online-Ressource, 260 Seiten</subfield>
</datafield>
<datafield ind1=" " ind2=" " tag="336">
<subfield code="a">Text</subfield>
<subfield code="b">txt</subfield>
<subfield code="2">rdacontent</subfield>
</datafield>
<datafield ind1=" " ind2=" " tag="337">
<subfield code="a">Computermedien</subfield>
<subfield code="b">c</subfield>
<subfield code="2">rdamedia</subfield>
</datafield>
<datafield ind1=" " ind2=" " tag="338">
<subfield code="a">Online-Ressource</subfield>
<subfield code="b">cr</subfield>
<subfield code="2">rdacarrier</subfield>
</datafield>
<datafield ind1="0" ind2=" " tag="490">
<subfield code="a">Infinity Gauntlet</subfield>
</datafield>
<datafield ind1="1" ind2=" " tag="583">
<subfield code="a">Archivierung/Langzeitarchivierung gewährleistet</subfield>
<subfield code="5">DE-101</subfield>
<subfield code="2">pdager</subfield>
</datafield>
<datafield ind1=" " ind2=" " tag="653">
<subfield code="a">(Produktform)Electronic book text</subfield>
</datafield>
<datafield ind1=" " ind2=" " tag="653">
<subfield code="a">(Zielgruppe)ab 12 bis 99 Jahre</subfield>
</datafield>
<datafield ind1=" " ind2=" " tag="653">
<subfield code="a">(BISAC Subject Heading)CGN004080</subfield>
</datafield>
<datafield ind1=" " ind2=" " tag="653">
<subfield code="a">Marvel Infinity Gauntlet Infinity War Thanos Iron Man Captain America Spider-Man</subfield>
</datafield>
<datafield ind1=" " ind2=" " tag="653">
<subfield code="a">(VLB-WN)9181</subfield>
</datafield>
<datafield ind1=" " ind2=" " tag="653">
<subfield code="a">(Lesealter)ab 12 Jahre</subfield>
</datafield>
<datafield ind1=" " ind2=" " tag="653">
<subfield code="a">Avengers</subfield>
</datafield>
<datafield ind1=" " ind2=" " tag="653">
<subfield code="a">Captain America</subfield>
</datafield>
<datafield ind1=" " ind2=" " tag="653">
<subfield code="a">Dr. Doom</subfield>
</datafield>
<datafield ind1=" " ind2=" " tag="653">
<subfield code="a">Dr. Strange</subfield>
</datafield>
<datafield ind1=" " ind2=" " tag="653">
<subfield code="a">Drax</subfield>
</datafield>
<datafield ind1=" " ind2=" " tag="653">
<subfield code="a">Handschuh</subfield>
</datafield>
<datafield ind1=" " ind2=" " tag="653">
<subfield code="a">Hulk</subfield>
</datafield>
<datafield ind1=" " ind2=" " tag="653">
<subfield code="a">Infinity</subfield>
</datafield>
<datafield ind1=" " ind2=" " tag="653">
<subfield code="a">Infinity-Steine</subfield>
</datafield>
<datafield ind1=" " ind2=" " tag="653">
<subfield code="a">Iron Man</subfield>
</datafield>
<datafield ind1=" " ind2=" " tag="653">
<subfield code="a">Kinofilm</subfield>
</datafield>
<datafield ind1=" " ind2=" " tag="653">
<subfield code="a">Marvel-Klassiker</subfield>
</datafield>
<datafield ind1=" " ind2=" " tag="653">
<subfield code="a">Mistress Death</subfield>
</datafield>
<datafield ind1=" " ind2=" " tag="653">
<subfield code="a">Seelensteine</subfield>
</datafield>
<datafield ind1=" " ind2=" " tag="653">
<subfield code="a">Spider-Man</subfield>
</datafield>
<datafield ind1=" " ind2=" " tag="653">
<subfield code="a">Spiderman</subfield>
</datafield>
<datafield ind1=" " ind2=" " tag="653">
<subfield code="a">Thanos</subfield>
</datafield>
<datafield ind1=" " ind2=" " tag="653">
<subfield code="a">Thor</subfield>
</datafield>
<datafield ind1=" " ind2=" " tag="653">
<subfield code="a">Wolverine</subfield>
</datafield>
<datafield ind1=" " ind2=" " tag="653">
<subfield code="a">Marvel</subfield>
</datafield>
<datafield ind1=" " ind2=" " tag="653">
<subfield code="a">Marvel-Held</subfield>
</datafield>
<datafield ind1=" " ind2=" " tag="653">
<subfield code="a">Comic</subfield>
</datafield>
<datafield ind1=" " ind2=" " tag="653">
<subfield code="a">Comics</subfield>
</datafield>
<datafield ind1=" " ind2=" " tag="653">
<subfield code="a">Superheld</subfield>
</datafield>
<datafield ind1=" " ind2=" " tag="653">
<subfield code="a">Superhelden</subfield>
</datafield>
<datafield ind1=" " ind2=" " tag="653">
<subfield code="a">H20</subfield>
</datafield>
<datafield ind1=" " ind2=" " tag="653">
<subfield code="a">H2020</subfield>
</datafield>
<datafield ind1=" " ind2=" " tag="653">
<subfield code="a">Herbst20</subfield>
</datafield>
<datafield ind1=" " ind2=" " tag="653">
<subfield code="a">Herbst2020</subfield>
</datafield>
<datafield ind1=" " ind2=" " tag="653">
<subfield code="a">Panini</subfield>
</datafield>
<datafield ind1=" " ind2=" " tag="653">
<subfield code="a">Panini Comic</subfield>
</datafield>
<datafield ind1=" " ind2=" " tag="653">
<subfield code="a">Panini Comics</subfield>
</datafield>
<datafield ind1=" " ind2=" " tag="653">
<subfield code="a">Paninicomics</subfield>
</datafield>
<datafield ind1=" " ind2=" " tag="653">
<subfield code="a">Marvel must have</subfield>
</datafield>
<datafield ind1=" " ind2=" " tag="653">
<subfield code="a">Infinity Gauntlet</subfield>
</datafield>
<datafield ind1=" " ind2=" " tag="653">
<subfield code="a">Infinity-Saga</subfield>
</datafield>
<datafield ind1=" " ind2=" " tag="653">
<subfield code="a">Infinitysteine</subfield>
</datafield>
<datafield ind1=" " ind2="7" tag="655">
<subfield code="8">2\p</subfield>
<subfield code="0">(DE-588)4010427-8</subfield>
<subfield code="0">https://d-nb.info/gnd/4010427-8</subfield>
<subfield code="0">(DE-101)040104273</subfield>
<subfield code="a">Comic</subfield>
<subfield code="2">gnd-content</subfield>
</datafield>
<datafield ind1="1" ind2=" " tag="700">
<subfield code="0">(DE-588)1041271735</subfield>
<subfield code="0">https://d-nb.info/gnd/1041271735</subfield>
<subfield code="0">(DE-101)1041271735</subfield>
<subfield code="a">Pérez, George</subfield>
<subfield code="d">1954-2022</subfield>
<subfield code="e">Illustrator</subfield>
<subfield code="4">ill</subfield>
<subfield code="2">gnd</subfield>
</datafield>
<datafield ind1="2" ind2=" " tag="710">
<subfield code="8">3\p</subfield>
<subfield code="0">(DE-588)1065137583</subfield>
<subfield code="0">https://d-nb.info/gnd/1065137583</subfield>
<subfield code="0">(DE-101)1065137583</subfield>
<subfield code="a">Panini Verlags GmbH</subfield>
<subfield code="e">Verlag</subfield>
<subfield code="4">pbl</subfield>
<subfield code="2">gnd</subfield>
</datafield>
<datafield ind1="0" ind2="8" tag="776">
<subfield code="i">Erscheint auch als</subfield>
<subfield code="n">Druck-Ausgabe</subfield>
<subfield code="z">9783741605710</subfield>
</datafield>
<datafield ind1="0" ind2="8" tag="776">
<subfield code="i">Erscheint auch als</subfield>
<subfield code="n">Druck-Ausgabe</subfield>
<subfield code="a">Starlin, Jim, 1949-</subfield>
<subfield code="t">Die ewige Fehde</subfield>
<subfield code="d">Stuttgart : Panini Comics, [2018]</subfield>
<subfield code="h">260 ungezählte Seiten</subfield>
<subfield code="w">(DE-101)1147664234</subfield>
</datafield>
<datafield ind1=" " ind2=" " tag="850">
<subfield code="a">DE-101a</subfield>
<subfield code="a">DE-101b</subfield>
</datafield>
<datafield ind1="4" ind2="0" tag="856">
<subfield code="u">https://nbn-resolving.org/urn:nbn:de:101:1-2020071312185094957277</subfield>
<subfield code="x">Resolving-System</subfield>
</datafield>
<datafield ind1=" " ind2="0" tag="856">
<subfield code="u">https://d-nb.info/1213674018/34</subfield>
<subfield code="x">Langzeitarchivierung Nationalbibliothek</subfield>
</datafield>
<datafield ind1="4" ind2=" " tag="856">
<subfield code="q">application/pdf</subfield>
<subfield code="u">http://www.paninicomics.de</subfield>
<subfield code="x">Verlag</subfield>
</datafield>
<datafield ind1="2" ind2=" " tag="883">
<subfield code="8">1\p</subfield>
<subfield code="a">dnb-pa</subfield>
<subfield code="d">20210119</subfield>
<subfield code="q">DE-101</subfield>
<subfield code="u">https://d-nb.info/provenance/plan#dnb-pa</subfield>
</datafield>
<datafield ind1="2" ind2=" " tag="883">
<subfield code="8">2\p</subfield>
<subfield code="a">dnb-pa</subfield>
<subfield code="d">20200714</subfield>
<subfield code="q">DE-101</subfield>
<subfield code="u">https://d-nb.info/provenance/plan#dnb-pa</subfield>
</datafield>
<datafield ind1="1" ind2=" " tag="883">
<subfield code="8">3\p</subfield>
<subfield code="a">adb-pa</subfield>
<subfield code="d">20211004</subfield>
<subfield code="q">DE-101</subfield>
<subfield code="u">https://d-nb.info/provenance/plan#adb-pa</subfield>
</datafield>
<datafield ind1="2" ind2=" " tag="883">
<subfield code="8">4\p</subfield>
<subfield code="a">dnb-pa</subfield>
<subfield code="d">20200714</subfield>
<subfield code="q">DE-101</subfield>
<subfield code="u">https://d-nb.info/provenance/plan#dnb-pa</subfield>
</datafield>
<datafield ind1="r" ind2=" " tag="925">
<subfield code="a">ro</subfield>
<subfield code="a">ra</subfield>
</datafield>
<datafield ind1="1" ind2=" " tag="926">
<subfield code="a">XQK</subfield>
<subfield code="o">93</subfield>
<subfield code="v">1.0</subfield>
</datafield>
<datafield ind1=" " ind2=" " tag="927">
<subfield code="a">227377172</subfield>
</datafield>
</record>