<record type="Bibliographic" xmlns="http://www.loc.gov/MARC21/slim">
<leader>00000pam a2200000 c 4500</leader>
<controlfield tag="001">120794033X</controlfield>
<controlfield tag="003">DE-101</controlfield>
<controlfield tag="005">20220928030735.0</controlfield>
<controlfield tag="007">tu</controlfield>
<controlfield tag="008">200408s2020    gw ||||| |||| 00||||ger  </controlfield>
<datafield ind1=" " ind2=" " tag="015">
<subfield code="a">21,A04</subfield>
<subfield code="z">20,N17</subfield>
<subfield code="2">dnb</subfield>
</datafield>
<datafield ind1="7" ind2=" " tag="016">
<subfield code="2">DE-101</subfield>
<subfield code="a">120794033X</subfield>
</datafield>
<datafield ind1=" " ind2=" " tag="020">
<subfield code="a">9783741618987</subfield>
<subfield code="c">Festeinband : EUR 29.00 (DE), EUR 29.90 (AT)</subfield>
<subfield code="9">978-3-7416-1898-7</subfield>
</datafield>
<datafield ind1=" " ind2=" " tag="020">
<subfield code="a">3741618985</subfield>
<subfield code="9">3-7416-1898-5</subfield>
</datafield>
<datafield ind1="3" ind2=" " tag="024">
<subfield code="a">9783741618987</subfield>
</datafield>
<datafield ind1=" " ind2=" " tag="035">
<subfield code="a">(DE-599)DNB120794033X</subfield>
</datafield>
<datafield ind1=" " ind2=" " tag="035">
<subfield code="a">(OCoLC)1233038719</subfield>
</datafield>
<datafield ind1=" " ind2=" " tag="035">
<subfield code="a">(OCoLC)1151737594</subfield>
</datafield>
<datafield ind1=" " ind2=" " tag="040">
<subfield code="a">1245</subfield>
<subfield code="b">ger</subfield>
<subfield code="c">DE-101</subfield>
<subfield code="d">9999</subfield>
<subfield code="e">rda</subfield>
</datafield>
<datafield ind1=" " ind2=" " tag="041">
<subfield code="a">ger</subfield>
<subfield code="h">eng</subfield>
</datafield>
<datafield ind1=" " ind2=" " tag="044">
<subfield code="c">XA-DE-BW</subfield>
</datafield>
<datafield ind1="7" ind2="4" tag="082">
<subfield code="8">6\p</subfield>
<subfield code="a">741.5</subfield>
<subfield code="q">DE-101</subfield>
<subfield code="2">23sdnb</subfield>
</datafield>
<datafield ind1="1" ind2=" " tag="100">
<subfield code="8">1\p</subfield>
<subfield code="0">(DE-588)1066394652</subfield>
<subfield code="0">https://d-nb.info/gnd/1066394652</subfield>
<subfield code="0">(DE-101)1066394652</subfield>
<subfield code="a">Starlin, Jim</subfield>
<subfield code="d">1949-</subfield>
<subfield code="e">Verfasser</subfield>
<subfield code="4">aut</subfield>
<subfield code="2">gnd</subfield>
</datafield>
<datafield ind1="1" ind2="0" tag="240">
<subfield code="a">The infinity gauntlet</subfield>
</datafield>
<datafield ind1="1" ind2="0" tag="245">
<subfield code="a">Infinity gauntlet - die ewige Fehde</subfield>
<subfield code="c">Jim Starlin (Autor) ; Ron Lim, George Pérez (Zeichner)</subfield>
</datafield>
<datafield ind1=" " ind2="1" tag="264">
<subfield code="a">Stuttgart</subfield>
<subfield code="b">Panini Comics</subfield>
<subfield code="c">[2020]</subfield>
</datafield>
<datafield ind1=" " ind2=" " tag="300">
<subfield code="a">260 ungezählte Seiten</subfield>
<subfield code="c">27 cm, 814 g</subfield>
</datafield>
<datafield ind1=" " ind2=" " tag="336">
<subfield code="a">unbewegtes Bild</subfield>
<subfield code="b">sti</subfield>
<subfield code="2">rdacontent</subfield>
</datafield>
<datafield ind1=" " ind2=" " tag="336">
<subfield code="a">Text</subfield>
<subfield code="b">txt</subfield>
<subfield code="2">rdacontent</subfield>
</datafield>
<datafield ind1=" " ind2=" " tag="337">
<subfield code="a">ohne Hilfsmittel zu benutzen</subfield>
<subfield code="b">n</subfield>
<subfield code="2">rdamedia</subfield>
</datafield>
<datafield ind1=" " ind2=" " tag="338">
<subfield code="a">Band</subfield>
<subfield code="b">nc</subfield>
<subfield code="2">rdacarrier</subfield>
</datafield>
<datafield ind1="0" ind2=" " tag="490">
<subfield code="a">Marvel Must-Have</subfield>
</datafield>
<datafield ind1=" " ind2=" " tag="653">
<subfield code="a">(Produktform)Hardback</subfield>
</datafield>
<datafield ind1=" " ind2=" " tag="653">
<subfield code="a">(Lesealter)ab 12 Jahre</subfield>
</datafield>
<datafield ind1=" " ind2=" " tag="653">
<subfield code="a">H20</subfield>
</datafield>
<datafield ind1=" " ind2=" " tag="653">
<subfield code="a">H2020</subfield>
</datafield>
<datafield ind1=" " ind2=" " tag="653">
<subfield code="a">Herbst20</subfield>
</datafield>
<datafield ind1=" " ind2=" " tag="653">
<subfield code="a">Herbst2020</subfield>
</datafield>
<datafield ind1=" " ind2=" " tag="653">
<subfield code="a">Panini</subfield>
</datafield>
<datafield ind1=" " ind2=" " tag="653">
<subfield code="a">Panini Comic</subfield>
</datafield>
<datafield ind1=" " ind2=" " tag="653">
<subfield code="a">Panini Comics</subfield>
</datafield>
<datafield ind1=" " ind2=" " tag="653">
<subfield code="a">Superheld</subfield>
</datafield>
<datafield ind1=" " ind2=" " tag="653">
<subfield code="a">Superhelden</subfield>
</datafield>
<datafield ind1=" " ind2=" " tag="653">
<subfield code="a">Marvel</subfield>
</datafield>
<datafield ind1=" " ind2=" " tag="653">
<subfield code="a">Comic</subfield>
</datafield>
<datafield ind1=" " ind2=" " tag="653">
<subfield code="a">Comics</subfield>
</datafield>
<datafield ind1=" " ind2=" " tag="653">
<subfield code="a">Marvel-Held</subfield>
</datafield>
<datafield ind1=" " ind2=" " tag="653">
<subfield code="a">Paninicomics</subfield>
</datafield>
<datafield ind1=" " ind2=" " tag="653">
<subfield code="a">Marvel must have</subfield>
</datafield>
<datafield ind1=" " ind2=" " tag="653">
<subfield code="a">Infinity Gauntlet</subfield>
</datafield>
<datafield ind1=" " ind2=" " tag="653">
<subfield code="a">Seelensteine</subfield>
</datafield>
<datafield ind1=" " ind2=" " tag="653">
<subfield code="a">Infinity-Saga</subfield>
</datafield>
<datafield ind1=" " ind2=" " tag="653">
<subfield code="a">Infinitysteine</subfield>
</datafield>
<datafield ind1=" " ind2=" " tag="653">
<subfield code="a">(VLB-WN)1181: Hardcover, Softcover / Belletristik/Comic, Cartoon, Humor, Satire/Comic</subfield>
</datafield>
<datafield ind1=" " ind2=" " tag="653">
<subfield code="a">(Zielgruppe)ab 12 bis 99 Jahre</subfield>
</datafield>
<datafield ind1=" " ind2=" " tag="653">
<subfield code="a">(BISAC Subject Heading)CGN004080</subfield>
</datafield>
<datafield ind1=" " ind2=" " tag="653">
<subfield code="a">Marvel Infinity Gauntlet Infinity War Thanos Iron Man Captain America Spider-Man</subfield>
</datafield>
<datafield ind1=" " ind2=" " tag="653">
<subfield code="a">Avengers</subfield>
</datafield>
<datafield ind1=" " ind2=" " tag="653">
<subfield code="a">Captain America</subfield>
</datafield>
<datafield ind1=" " ind2=" " tag="653">
<subfield code="a">Dr. Doom</subfield>
</datafield>
<datafield ind1=" " ind2=" " tag="653">
<subfield code="a">Dr. Strange</subfield>
</datafield>
<datafield ind1=" " ind2=" " tag="653">
<subfield code="a">Drax</subfield>
</datafield>
<datafield ind1=" " ind2=" " tag="653">
<subfield code="a">Handschuh</subfield>
</datafield>
<datafield ind1=" " ind2=" " tag="653">
<subfield code="a">Hulk</subfield>
</datafield>
<datafield ind1=" " ind2=" " tag="653">
<subfield code="a">Infinity</subfield>
</datafield>
<datafield ind1=" " ind2=" " tag="653">
<subfield code="a">Infinity-Steine</subfield>
</datafield>
<datafield ind1=" " ind2=" " tag="653">
<subfield code="a">Iron Man</subfield>
</datafield>
<datafield ind1=" " ind2=" " tag="653">
<subfield code="a">Kinofilm</subfield>
</datafield>
<datafield ind1=" " ind2=" " tag="653">
<subfield code="a">Marvel-Klassiker</subfield>
</datafield>
<datafield ind1=" " ind2=" " tag="653">
<subfield code="a">Mistress Death</subfield>
</datafield>
<datafield ind1=" " ind2=" " tag="653">
<subfield code="a">Spider-Man</subfield>
</datafield>
<datafield ind1=" " ind2=" " tag="653">
<subfield code="a">Spiderman</subfield>
</datafield>
<datafield ind1=" " ind2=" " tag="653">
<subfield code="a">Thanos</subfield>
</datafield>
<datafield ind1=" " ind2=" " tag="653">
<subfield code="a">Thor</subfield>
</datafield>
<datafield ind1=" " ind2=" " tag="653">
<subfield code="a">Wolverine</subfield>
</datafield>
<datafield ind1=" " ind2="7" tag="655">
<subfield code="0">(DE-588)4010427-8</subfield>
<subfield code="0">https://d-nb.info/gnd/4010427-8</subfield>
<subfield code="0">(DE-101)040104273</subfield>
<subfield code="a">Comic</subfield>
<subfield code="2">gnd-content</subfield>
</datafield>
<datafield ind1="1" ind2=" " tag="700">
<subfield code="8">2\p</subfield>
<subfield code="0">(DE-588)1153644827</subfield>
<subfield code="0">https://d-nb.info/gnd/1153644827</subfield>
<subfield code="0">(DE-101)1153644827</subfield>
<subfield code="a">Lim, Ron</subfield>
<subfield code="d">1965-</subfield>
<subfield code="e">Künstler</subfield>
<subfield code="4">art</subfield>
<subfield code="2">gnd</subfield>
</datafield>
<datafield ind1="1" ind2=" " tag="700">
<subfield code="8">3\p</subfield>
<subfield code="0">(DE-588)1041271735</subfield>
<subfield code="0">https://d-nb.info/gnd/1041271735</subfield>
<subfield code="0">(DE-101)1041271735</subfield>
<subfield code="a">Pérez, George</subfield>
<subfield code="d">1954-2022</subfield>
<subfield code="e">Künstler</subfield>
<subfield code="4">art</subfield>
<subfield code="2">gnd</subfield>
</datafield>
<datafield ind1="1" ind2=" " tag="700">
<subfield code="8">4\p</subfield>
<subfield code="0">(DE-588)131569945</subfield>
<subfield code="0">https://d-nb.info/gnd/131569945</subfield>
<subfield code="0">(DE-101)131569945</subfield>
<subfield code="a">Petz, Jürgen</subfield>
<subfield code="e">Übersetzer</subfield>
<subfield code="4">trl</subfield>
<subfield code="2">gnd</subfield>
</datafield>
<datafield ind1="2" ind2=" " tag="710">
<subfield code="8">5\p</subfield>
<subfield code="0">(DE-588)1065137583</subfield>
<subfield code="0">https://d-nb.info/gnd/1065137583</subfield>
<subfield code="0">(DE-101)1065137583</subfield>
<subfield code="a">Panini Verlags GmbH</subfield>
<subfield code="e">Verlag</subfield>
<subfield code="4">pbl</subfield>
<subfield code="2">gnd</subfield>
</datafield>
<datafield ind1=" " ind2=" " tag="850">
<subfield code="a">DE-101a</subfield>
<subfield code="a">DE-101b</subfield>
</datafield>
<datafield ind1="4" ind2="2" tag="856">
<subfield code="m">X:MVB</subfield>
<subfield code="q">text/html</subfield>
<subfield code="u">http://deposit.dnb.de/cgi-bin/dokserv?id=564b12c4c0b84bc2b100c2d1d79433c9&amp;prov=M&amp;dok_var=1&amp;dok_ext=htm</subfield>
<subfield code="3">Inhaltstext</subfield>
</datafield>
<datafield ind1="4" ind2="2" tag="856">
<subfield code="m">B:DE-101</subfield>
<subfield code="q">application/pdf</subfield>
<subfield code="u">https://d-nb.info/120794033X/04</subfield>
<subfield code="3">Inhaltsverzeichnis</subfield>
</datafield>
<datafield ind1="2" ind2=" " tag="883">
<subfield code="8">1\p</subfield>
<subfield code="a">dnb</subfield>
<subfield code="d">20201127</subfield>
<subfield code="q">DE-101</subfield>
<subfield code="u">https://d-nb.info/provenance/plan#dnb</subfield>
</datafield>
<datafield ind1="2" ind2=" " tag="883">
<subfield code="8">2\p</subfield>
<subfield code="a">dnb</subfield>
<subfield code="d">20201127</subfield>
<subfield code="q">DE-101</subfield>
<subfield code="u">https://d-nb.info/provenance/plan#dnb</subfield>
</datafield>
<datafield ind1="2" ind2=" " tag="883">
<subfield code="8">3\p</subfield>
<subfield code="a">dnb</subfield>
<subfield code="d">20201127</subfield>
<subfield code="q">DE-101</subfield>
<subfield code="u">https://d-nb.info/provenance/plan#dnb</subfield>
</datafield>
<datafield ind1=" " ind2=" " tag="883">
<subfield code="8">4\p</subfield>
<subfield code="a">cgwrk</subfield>
<subfield code="d">20220812</subfield>
<subfield code="q">DE-101</subfield>
<subfield code="u">https://d-nb.info/provenance/plan#cgwrk</subfield>
</datafield>
<datafield ind1="1" ind2=" " tag="883">
<subfield code="8">5\p</subfield>
<subfield code="a">adb</subfield>
<subfield code="d">20211004</subfield>
<subfield code="q">DE-101</subfield>
<subfield code="u">https://d-nb.info/provenance/plan#adb</subfield>
</datafield>
<datafield ind1="2" ind2=" " tag="883">
<subfield code="8">6\p</subfield>
<subfield code="a">dnb</subfield>
<subfield code="d">20210119</subfield>
<subfield code="q">DE-101</subfield>
<subfield code="u">https://d-nb.info/provenance/plan#dnb</subfield>
</datafield>
<datafield ind1="r" ind2=" " tag="925">
<subfield code="a">ra</subfield>
</datafield>
<datafield ind1="1" ind2=" " tag="926">
<subfield code="a">XAK</subfield>
<subfield code="o">93</subfield>
<subfield code="q">Publisher</subfield>
<subfield code="v">1.4</subfield>
<subfield code="x">Comics und Graphic Novels im amerikanischen / britischen Stil</subfield>
</datafield>
<datafield ind1="2" ind2=" " tag="926">
<subfield code="a">XQK</subfield>
<subfield code="o">93</subfield>
<subfield code="q">Publisher</subfield>
<subfield code="v">1.4</subfield>
<subfield code="x">Graphic Novel / Comic: Super-Helden und Super-Schurken</subfield>
</datafield>
<datafield ind1="2" ind2=" " tag="926">
<subfield code="a">5AN</subfield>
<subfield code="o">98</subfield>
<subfield code="q">Publisher</subfield>
<subfield code="v">1.4</subfield>
<subfield code="x">empfohlenes Alter: ab 12 Jahre</subfield>
</datafield>
</record>