<record type="Bibliographic" xmlns="http://www.loc.gov/MARC21/slim">
<leader>00000nam a2200000uc 4500</leader>
<controlfield tag="001">120784232X</controlfield>
<controlfield tag="003">DE-101</controlfield>
<controlfield tag="005">20200603221326.0</controlfield>
<controlfield tag="007">cr||||||||||||</controlfield>
<controlfield tag="008">200407s2020    gw |||||o|||| 00||||ger  </controlfield>
<datafield ind1=" " ind2=" " tag="015">
<subfield code="a">20,O05</subfield>
<subfield code="2">dnb</subfield>
</datafield>
<datafield ind1="7" ind2=" " tag="016">
<subfield code="2">DE-101</subfield>
<subfield code="a">120784232X</subfield>
</datafield>
<datafield ind1=" " ind2=" " tag="020">
<subfield code="a">9783732597291</subfield>
<subfield code="9">978-3-7325-9729-1</subfield>
</datafield>
<datafield ind1="7" ind2=" " tag="024">
<subfield code="2">urn</subfield>
<subfield code="a">urn:nbn:de:101:1-2020040706055245163553</subfield>
</datafield>
<datafield ind1=" " ind2=" " tag="035">
<subfield code="a">(DE-599)DNB120784232X</subfield>
</datafield>
<datafield ind1=" " ind2=" " tag="035">
<subfield code="a">(OCoLC)1155611233</subfield>
</datafield>
<datafield ind1=" " ind2=" " tag="040">
<subfield code="a">1140</subfield>
<subfield code="b">ger</subfield>
<subfield code="c">DE-101</subfield>
<subfield code="d">9999</subfield>
</datafield>
<datafield ind1=" " ind2=" " tag="041">
<subfield code="a">ger</subfield>
</datafield>
<datafield ind1=" " ind2=" " tag="044">
<subfield code="c">XA-DE-NW</subfield>
</datafield>
<datafield ind1="7" ind2="4" tag="082">
<subfield code="8">1\p</subfield>
<subfield code="a">830</subfield>
<subfield code="a">B</subfield>
<subfield code="q">DE-101</subfield>
<subfield code="2">23sdnb</subfield>
</datafield>
<datafield ind1="1" ind2=" " tag="100">
<subfield code="a">Roberts, Dan</subfield>
<subfield code="e">Verfasser</subfield>
<subfield code="4">aut</subfield>
</datafield>
<datafield ind1="1" ind2="0" tag="245">
<subfield code="a">Skull-Ranch 27 - Western</subfield>
<subfield code="b">Digger-Fehde</subfield>
<subfield code="c">Dan Roberts</subfield>
</datafield>
<datafield ind1=" " ind2=" " tag="250">
<subfield code="a">1. Auflage 2020</subfield>
</datafield>
<datafield ind1=" " ind2=" " tag="259">
<subfield code="a">11</subfield>
</datafield>
<datafield ind1=" " ind2="1" tag="264">
<subfield code="a">Köln</subfield>
<subfield code="b">Bastei Entertainment</subfield>
<subfield code="c">2020</subfield>
</datafield>
<datafield ind1=" " ind2=" " tag="300">
<subfield code="a">Online-Ressource, 64 Seiten</subfield>
</datafield>
<datafield ind1=" " ind2=" " tag="336">
<subfield code="a">Text</subfield>
<subfield code="b">txt</subfield>
<subfield code="2">rdacontent</subfield>
</datafield>
<datafield ind1=" " ind2=" " tag="337">
<subfield code="a">Computermedien</subfield>
<subfield code="b">c</subfield>
<subfield code="2">rdamedia</subfield>
</datafield>
<datafield ind1=" " ind2=" " tag="338">
<subfield code="a">Online-Ressource</subfield>
<subfield code="b">cr</subfield>
<subfield code="2">rdacarrier</subfield>
</datafield>
<datafield ind1="1" ind2=" " tag="490">
<subfield code="a">Skull Ranch</subfield>
<subfield code="v">27</subfield>
</datafield>
<datafield ind1="1" ind2=" " tag="583">
<subfield code="a">Archivierung/Langzeitarchivierung gewährleistet</subfield>
<subfield code="5">DE-101</subfield>
<subfield code="2">pdager</subfield>
</datafield>
<datafield ind1=" " ind2=" " tag="653">
<subfield code="a">(Produktform)Electronic book text</subfield>
</datafield>
<datafield ind1=" " ind2=" " tag="653">
<subfield code="a">(Lesealter)ab 16 bis 99 Jahre</subfield>
</datafield>
<datafield ind1=" " ind2=" " tag="653">
<subfield code="a">clint-eastwood</subfield>
</datafield>
<datafield ind1=" " ind2=" " tag="653">
<subfield code="a">abenteuer-roman</subfield>
</datafield>
<datafield ind1=" " ind2=" " tag="653">
<subfield code="a">abenteuerromane kindle für erwachsene</subfield>
</datafield>
<datafield ind1=" " ind2=" " tag="653">
<subfield code="a">wild west romane</subfield>
</datafield>
<datafield ind1=" " ind2=" " tag="653">
<subfield code="a">wild west</subfield>
</datafield>
<datafield ind1=" " ind2=" " tag="653">
<subfield code="a">wildwestromane</subfield>
</datafield>
<datafield ind1=" " ind2=" " tag="653">
<subfield code="a">western e books</subfield>
</datafield>
<datafield ind1=" " ind2=" " tag="653">
<subfield code="a">für erwachsene</subfield>
</datafield>
<datafield ind1=" " ind2=" " tag="653">
<subfield code="a">Romanheft</subfield>
</datafield>
<datafield ind1=" " ind2=" " tag="653">
<subfield code="a">Heftroman</subfield>
</datafield>
<datafield ind1=" " ind2=" " tag="653">
<subfield code="a">Klassiker</subfield>
</datafield>
<datafield ind1=" " ind2=" " tag="653">
<subfield code="a">Serie</subfield>
</datafield>
<datafield ind1=" " ind2=" " tag="653">
<subfield code="a">karl-may</subfield>
</datafield>
<datafield ind1=" " ind2=" " tag="653">
<subfield code="a">western klassiker</subfield>
</datafield>
<datafield ind1=" " ind2=" " tag="653">
<subfield code="a">western romanhefte</subfield>
</datafield>
<datafield ind1=" " ind2=" " tag="653">
<subfield code="a">western romane bastei</subfield>
</datafield>
<datafield ind1=" " ind2=" " tag="653">
<subfield code="a">heftchen</subfield>
</datafield>
<datafield ind1=" " ind2=" " tag="653">
<subfield code="a">spannend</subfield>
</datafield>
<datafield ind1=" " ind2=" " tag="653">
<subfield code="a">reihe</subfield>
</datafield>
<datafield ind1=" " ind2=" " tag="653">
<subfield code="a">heftromane bastei</subfield>
</datafield>
<datafield ind1=" " ind2=" " tag="653">
<subfield code="a">bastei romane hefte</subfield>
</datafield>
<datafield ind1=" " ind2=" " tag="653">
<subfield code="a">bastei hefte</subfield>
</datafield>
<datafield ind1=" " ind2=" " tag="653">
<subfield code="a">bastei romane</subfield>
</datafield>
<datafield ind1=" " ind2=" " tag="653">
<subfield code="a">bastei heftromane</subfield>
</datafield>
<datafield ind1=" " ind2=" " tag="653">
<subfield code="a">western ebook deutsch</subfield>
</datafield>
<datafield ind1=" " ind2=" " tag="653">
<subfield code="a">western deutsch</subfield>
</datafield>
<datafield ind1=" " ind2=" " tag="653">
<subfield code="a">western romane</subfield>
</datafield>
<datafield ind1=" " ind2=" " tag="653">
<subfield code="a">western romane kindle deutsch</subfield>
</datafield>
<datafield ind1=" " ind2=" " tag="653">
<subfield code="a">western romane deutsch</subfield>
</datafield>
<datafield ind1=" " ind2=" " tag="653">
<subfield code="a">westernreiten</subfield>
</datafield>
<datafield ind1=" " ind2=" " tag="653">
<subfield code="a">western hefte</subfield>
</datafield>
<datafield ind1=" " ind2=" " tag="653">
<subfield code="a">westernroman</subfield>
</datafield>
<datafield ind1=" " ind2=" " tag="653">
<subfield code="a">western-roman</subfield>
</datafield>
<datafield ind1=" " ind2=" " tag="653">
<subfield code="a">abenteuerromane kindle deutsch</subfield>
</datafield>
<datafield ind1=" " ind2=" " tag="653">
<subfield code="a">abenteuerromane kindle</subfield>
</datafield>
<datafield ind1=" " ind2=" " tag="653">
<subfield code="a">Wilder-Westen</subfield>
</datafield>
<datafield ind1=" " ind2=" " tag="653">
<subfield code="a">Cowboy</subfield>
</datafield>
<datafield ind1=" " ind2=" " tag="653">
<subfield code="a">Indianer</subfield>
</datafield>
<datafield ind1=" " ind2=" " tag="653">
<subfield code="a">western country exklusiv</subfield>
</datafield>
<datafield ind1=" " ind2=" " tag="653">
<subfield code="a">western country</subfield>
</datafield>
<datafield ind1=" " ind2=" " tag="653">
<subfield code="a">lucky-luke</subfield>
</datafield>
<datafield ind1=" " ind2=" " tag="653">
<subfield code="a">winnetou</subfield>
</datafield>
<datafield ind1=" " ind2=" " tag="653">
<subfield code="a">e-book</subfield>
</datafield>
<datafield ind1=" " ind2=" " tag="653">
<subfield code="a">gf unger</subfield>
</datafield>
<datafield ind1=" " ind2=" " tag="653">
<subfield code="a">Westernromane</subfield>
</datafield>
<datafield ind1=" " ind2=" " tag="653">
<subfield code="a">(VLB-WN)9112</subfield>
</datafield>
<datafield ind1=" " ind2="7" tag="655">
<subfield code="0">(DE-101)1010008188</subfield>
<subfield code="a">Erzählende Literatur: Gegenwartsliteratur ab 1945</subfield>
<subfield code="2">gatbeg</subfield>
</datafield>
<datafield ind1=" " ind2="0" tag="830">
<subfield code="a">Skull Ranch</subfield>
<subfield code="v">27</subfield>
</datafield>
<datafield ind1=" " ind2=" " tag="850">
<subfield code="a">DE-101a</subfield>
<subfield code="a">DE-101b</subfield>
</datafield>
<datafield ind1="4" ind2="0" tag="856">
<subfield code="u">https://nbn-resolving.org/urn:nbn:de:101:1-2020040706055245163553</subfield>
<subfield code="x">Resolving-System</subfield>
</datafield>
<datafield ind1=" " ind2="0" tag="856">
<subfield code="u">https://d-nb.info/120784232X/34</subfield>
<subfield code="x">Langzeitarchivierung Nationalbibliothek</subfield>
</datafield>
<datafield ind1="4" ind2=" " tag="856">
<subfield code="q">epub</subfield>
</datafield>
<datafield ind1="1" ind2=" " tag="883">
<subfield code="8">1\p</subfield>
<subfield code="a">npi</subfield>
<subfield code="d">20200407</subfield>
<subfield code="q">DE-101</subfield>
<subfield code="u">https://d-nb.info/provenance/plan#npi</subfield>
</datafield>
<datafield ind1="r" ind2=" " tag="925">
<subfield code="a">ro</subfield>
<subfield code="a">ra</subfield>
</datafield>
<datafield ind1=" " ind2=" " tag="927">
<subfield code="a">235470851</subfield>
</datafield>
</record>