<record type="Bibliographic" xmlns="http://www.loc.gov/MARC21/slim">
<leader>00000nam a22000008c 4500</leader>
<controlfield tag="001">1222396424</controlfield>
<controlfield tag="003">DE-101</controlfield>
<controlfield tag="005">20250313170427.0</controlfield>
<controlfield tag="007">tu</controlfield>
<controlfield tag="008">201129s2020    gw ||||| |||| 00||||ger  </controlfield>
<datafield ind1=" " ind2=" " tag="015">
<subfield code="a">20,N49</subfield>
<subfield code="2">dnb</subfield>
</datafield>
<datafield ind1="7" ind2=" " tag="016">
<subfield code="2">DE-101</subfield>
<subfield code="a">1222396424</subfield>
</datafield>
<datafield ind1=" " ind2=" " tag="020">
<subfield code="a">9783753124933</subfield>
<subfield code="c">: EUR 7.99 (DE), EUR 7.99 (AT)</subfield>
<subfield code="9">978-3-7531-2493-3</subfield>
</datafield>
<datafield ind1=" " ind2=" " tag="020">
<subfield code="a">3753124931</subfield>
<subfield code="9">3-7531-2493-1</subfield>
</datafield>
<datafield ind1="3" ind2=" " tag="024">
<subfield code="a">9783753124933</subfield>
</datafield>
<datafield ind1=" " ind2=" " tag="035">
<subfield code="a">(DE-599)DNB1222396424</subfield>
</datafield>
<datafield ind1=" " ind2=" " tag="035">
<subfield code="a">(OCoLC)1225079617</subfield>
</datafield>
<datafield ind1=" " ind2=" " tag="040">
<subfield code="a">1145</subfield>
<subfield code="b">ger</subfield>
<subfield code="c">DE-101</subfield>
<subfield code="d">9999</subfield>
</datafield>
<datafield ind1=" " ind2=" " tag="041">
<subfield code="a">ger</subfield>
</datafield>
<datafield ind1=" " ind2=" " tag="044">
<subfield code="c">XA-DE-BE</subfield>
</datafield>
<datafield ind1="7" ind2="4" tag="082">
<subfield code="8">2\p</subfield>
<subfield code="a">830</subfield>
<subfield code="a">B</subfield>
<subfield code="q">DE-101</subfield>
<subfield code="2">23sdnb</subfield>
</datafield>
<datafield ind1="1" ind2=" " tag="100">
<subfield code="a">Winter, Ivy</subfield>
<subfield code="4">aut</subfield>
</datafield>
<datafield ind1="1" ind2="0" tag="245">
<subfield code="a">Sokolov/Russische Fehde</subfield>
<subfield code="c">Ivy Winter</subfield>
</datafield>
<datafield ind1=" " ind2=" " tag="250">
<subfield code="a">1. Auflage</subfield>
</datafield>
<datafield ind1=" " ind2=" " tag="263">
<subfield code="a">202011</subfield>
</datafield>
<datafield ind1=" " ind2="1" tag="264">
<subfield code="a">Berlin</subfield>
<subfield code="b">epubli</subfield>
<subfield code="c">2020</subfield>
</datafield>
<datafield ind1=" " ind2=" " tag="300">
<subfield code="a">132 Seiten</subfield>
<subfield code="c">19 cm x 12.5 cm, 165 g</subfield>
</datafield>
<datafield ind1=" " ind2=" " tag="336">
<subfield code="a">Text</subfield>
<subfield code="b">txt</subfield>
<subfield code="2">rdacontent</subfield>
</datafield>
<datafield ind1=" " ind2=" " tag="337">
<subfield code="a">ohne Hilfsmittel zu benutzen</subfield>
<subfield code="b">n</subfield>
<subfield code="2">rdamedia</subfield>
</datafield>
<datafield ind1=" " ind2=" " tag="338">
<subfield code="a">Band</subfield>
<subfield code="b">nc</subfield>
<subfield code="2">rdacarrier</subfield>
</datafield>
<datafield ind1="1" ind2=" " tag="490">
<subfield code="a">Sokolov</subfield>
<subfield code="v">1</subfield>
</datafield>
<datafield ind1=" " ind2=" " tag="653">
<subfield code="a">(Produktform)Paperback / softback</subfield>
</datafield>
<datafield ind1=" " ind2=" " tag="653">
<subfield code="a">(Zielgruppe)Allgemein</subfield>
</datafield>
<datafield ind1=" " ind2=" " tag="653">
<subfield code="a">(Zielgruppe)ab 1 bis 99 Jahre</subfield>
</datafield>
<datafield ind1=" " ind2=" " tag="653">
<subfield code="a">(BISAC Subject Heading)FIC027000</subfield>
</datafield>
<datafield ind1=" " ind2=" " tag="653">
<subfield code="a">(BISAC Subject Heading)FIC031000</subfield>
</datafield>
<datafield ind1=" " ind2=" " tag="653">
<subfield code="a">Actionthriller</subfield>
</datafield>
<datafield ind1=" " ind2=" " tag="653">
<subfield code="a">Romantische Thriller</subfield>
</datafield>
<datafield ind1=" " ind2=" " tag="653">
<subfield code="a">Belletristik</subfield>
</datafield>
<datafield ind1=" " ind2=" " tag="653">
<subfield code="a">Romance</subfield>
</datafield>
<datafield ind1=" " ind2=" " tag="653">
<subfield code="a">Abenteuerroman</subfield>
</datafield>
<datafield ind1=" " ind2=" " tag="653">
<subfield code="a">(BISAC Subject Heading)FIC027000</subfield>
</datafield>
<datafield ind1=" " ind2=" " tag="653">
<subfield code="a">(VLB-WN)1110: Hardcover, Softcover / Belletristik/Erzählende Literatur</subfield>
</datafield>
<datafield ind1=" " ind2="7" tag="655">
<subfield code="0">(DE-101)1010789759</subfield>
<subfield code="a">Erzählende Literatur</subfield>
<subfield code="2">gatbeg</subfield>
</datafield>
<datafield ind1="2" ind2=" " tag="710">
<subfield code="8">1\p</subfield>
<subfield code="0">(DE-588)106492235X</subfield>
<subfield code="0">https://d-nb.info/gnd/106492235X</subfield>
<subfield code="0">(DE-101)106492235X</subfield>
<subfield code="a">epubli GmbH</subfield>
<subfield code="e">Verlag</subfield>
<subfield code="4">pbl</subfield>
<subfield code="2">gnd</subfield>
</datafield>
<datafield ind1="0" ind2="8" tag="776">
<subfield code="i">Erscheint auch als</subfield>
<subfield code="n">Online-Ausgabe</subfield>
<subfield code="t">Russische Fehde</subfield>
<subfield code="d">Berlin : epubli, 2020</subfield>
<subfield code="h">Online-Ressource, 132 Seiten</subfield>
<subfield code="w">(DE-101)1222818159</subfield>
<subfield code="b">1. Auflage</subfield>
</datafield>
<datafield ind1=" " ind2="0" tag="830">
<subfield code="a">Sokolov</subfield>
<subfield code="v">1</subfield>
</datafield>
<datafield ind1="4" ind2="2" tag="856">
<subfield code="m">X:MVB</subfield>
<subfield code="q">text/html</subfield>
<subfield code="u">http://deposit.dnb.de/cgi-bin/dokserv?id=1128735c185e4ae8b0bbf33ba2589f86&amp;prov=M&amp;dok_var=1&amp;dok_ext=htm</subfield>
<subfield code="3">Inhaltstext</subfield>
</datafield>
<datafield ind1="4" ind2="2" tag="856">
<subfield code="m">X:MVB</subfield>
<subfield code="q">text/html</subfield>
<subfield code="u">http://www.epubli.de/shop/isbn/9783753124933</subfield>
<subfield code="3">Inhaltstext</subfield>
</datafield>
<datafield ind1="4" ind2="2" tag="856">
<subfield code="m">X:MVB</subfield>
<subfield code="u">http://www.epubli.de/shop/isbn/9783753124933</subfield>
</datafield>
<datafield ind1="4" ind2="2" tag="856">
<subfield code="m">X:MVB</subfield>
<subfield code="u">http://www.epubli.de</subfield>
</datafield>
<datafield ind1="4" ind2="2" tag="856">
<subfield code="m">X:MVB</subfield>
<subfield code="u">http://www.epubli.de</subfield>
</datafield>
<datafield ind1="1" ind2=" " tag="883">
<subfield code="8">1\p</subfield>
<subfield code="a">adb</subfield>
<subfield code="d">20201129</subfield>
<subfield code="q">DE-101</subfield>
<subfield code="u">https://d-nb.info/provenance/plan#adb</subfield>
</datafield>
<datafield ind1="1" ind2=" " tag="883">
<subfield code="8">2\p</subfield>
<subfield code="a">vlb</subfield>
<subfield code="d">20201129</subfield>
<subfield code="q">DE-101</subfield>
<subfield code="u">https://d-nb.info/provenance/plan#vlb</subfield>
</datafield>
<datafield ind1="w" ind2=" " tag="925">
<subfield code="a">c</subfield>
</datafield>
<datafield ind1="1" ind2=" " tag="926">
<subfield code="a">FR</subfield>
<subfield code="o">93</subfield>
<subfield code="q">Publisher</subfield>
<subfield code="v">1.5</subfield>
<subfield code="x">Liebesromane</subfield>
</datafield>
</record>