<record type="Bibliographic" xmlns="http://www.loc.gov/MARC21/slim">
<leader>00000nim a2200000uc 4500</leader>
<controlfield tag="001">1199225789</controlfield>
<controlfield tag="003">DE-101</controlfield>
<controlfield tag="005">20241023175213.0</controlfield>
<controlfield tag="007">s|||||||||||||</controlfield>
<controlfield tag="007">cr||||||||||||</controlfield>
<controlfield tag="008">191109s2019    gw |||||o|||||||||||ger  </controlfield>
<datafield ind1=" " ind2=" " tag="015">
<subfield code="a">19,O12</subfield>
<subfield code="2">dnb</subfield>
</datafield>
<datafield ind1="7" ind2=" " tag="016">
<subfield code="2">DE-101</subfield>
<subfield code="a">1199225789</subfield>
</datafield>
<datafield ind1=" " ind2=" " tag="020">
<subfield code="a">9783838788371</subfield>
<subfield code="9">978-3-8387-8837-1</subfield>
</datafield>
<datafield ind1="7" ind2=" " tag="024">
<subfield code="2">urn</subfield>
<subfield code="a">urn:nbn:de:101:1-2019110919535094161731</subfield>
</datafield>
<datafield ind1=" " ind2=" " tag="035">
<subfield code="a">(DE-599)DNB1199225789</subfield>
</datafield>
<datafield ind1=" " ind2=" " tag="035">
<subfield code="a">(OCoLC)1197154476</subfield>
</datafield>
<datafield ind1=" " ind2=" " tag="040">
<subfield code="a">1140</subfield>
<subfield code="b">ger</subfield>
<subfield code="c">DE-101</subfield>
<subfield code="d">1210</subfield>
</datafield>
<datafield ind1=" " ind2=" " tag="041">
<subfield code="a">ger</subfield>
</datafield>
<datafield ind1=" " ind2=" " tag="044">
<subfield code="c">XA-DE-NW</subfield>
</datafield>
<datafield ind1="7" ind2="4" tag="082">
<subfield code="8">2\p</subfield>
<subfield code="a">830</subfield>
<subfield code="a">B</subfield>
<subfield code="q">DE-101</subfield>
<subfield code="2">23sdnb</subfield>
</datafield>
<datafield ind1="1" ind2=" " tag="100">
<subfield code="a">Maresca, Marshall Ryan</subfield>
<subfield code="e">Verfasser</subfield>
<subfield code="4">aut</subfield>
</datafield>
<datafield ind1="1" ind2="0" tag="245">
<subfield code="a">Die Fehde der Magier - Die Chroniken von Maradaine, Teil 2 (Ungekürzt)</subfield>
<subfield code="c">Marshall Ryan Maresca</subfield>
</datafield>
<datafield ind1=" " ind2=" " tag="250">
<subfield code="a">Ungekürzte Lesung, ungekürzte Ausgabe</subfield>
</datafield>
<datafield ind1=" " ind2=" " tag="259">
<subfield code="a">unlua</subfield>
</datafield>
<datafield ind1=" " ind2="1" tag="264">
<subfield code="a">Köln</subfield>
<subfield code="b">Bastei Lübbe AG</subfield>
<subfield code="c">2019</subfield>
</datafield>
<datafield ind1=" " ind2="1" tag="264">
<subfield code="b">Lübbe Audio</subfield>
<subfield code="c">2019</subfield>
</datafield>
<datafield ind1=" " ind2=" " tag="300">
<subfield code="a">Online-Ressource</subfield>
</datafield>
<datafield ind1=" " ind2=" " tag="336">
<subfield code="a">gesprochenes Wort</subfield>
<subfield code="b">spw</subfield>
<subfield code="2">rdacontent</subfield>
</datafield>
<datafield ind1=" " ind2=" " tag="337">
<subfield code="a">Computermedien</subfield>
<subfield code="b">c</subfield>
<subfield code="2">rdamedia</subfield>
</datafield>
<datafield ind1=" " ind2=" " tag="338">
<subfield code="a">Online-Ressource</subfield>
<subfield code="b">cr</subfield>
<subfield code="2">rdacarrier</subfield>
</datafield>
<datafield ind1="1" ind2=" " tag="490">
<subfield code="a">Die Chroniken von Maradaine</subfield>
<subfield code="v">Teil 2: Die Fehde der Magier</subfield>
</datafield>
<datafield ind1="1" ind2=" " tag="583">
<subfield code="a">Archivierung/Langzeitarchivierung gewährleistet</subfield>
<subfield code="5">DE-101</subfield>
<subfield code="2">pdager</subfield>
</datafield>
<datafield ind1=" " ind2=" " tag="653">
<subfield code="a">(Produktform)Downloadable audio file</subfield>
</datafield>
<datafield ind1=" " ind2=" " tag="653">
<subfield code="a">(Produktform (spezifisch))MP3 format</subfield>
</datafield>
<datafield ind1=" " ind2=" " tag="653">
<subfield code="a">(BISAC Subject Heading)FIC009020</subfield>
</datafield>
<datafield ind1=" " ind2=" " tag="653">
<subfield code="a">(VLB-WN)9132</subfield>
</datafield>
<datafield ind1=" " ind2="7" tag="655">
<subfield code="0">(DE-101)1010885626</subfield>
<subfield code="a">Fantasy</subfield>
<subfield code="2">gatbeg</subfield>
</datafield>
<datafield ind1="1" ind2=" " tag="700">
<subfield code="a">Budinger, Linda</subfield>
<subfield code="e">Übersetzer</subfield>
<subfield code="4">trl</subfield>
</datafield>
<datafield ind1="1" ind2=" " tag="700">
<subfield code="8">1\p</subfield>
<subfield code="0">(DE-588)1073275620</subfield>
<subfield code="0">https://d-nb.info/gnd/1073275620</subfield>
<subfield code="0">(DE-101)1073275620</subfield>
<subfield code="a">Arnhold, Sabine</subfield>
<subfield code="d">1960-</subfield>
<subfield code="e">Erzähler</subfield>
<subfield code="4">nrt</subfield>
<subfield code="2">gnd</subfield>
</datafield>
<datafield ind1=" " ind2="0" tag="830">
<subfield code="a">Die Chroniken von Maradaine</subfield>
<subfield code="v">Teil 2: Die Fehde der Magier</subfield>
</datafield>
<datafield ind1=" " ind2=" " tag="850">
<subfield code="a">DE-101a</subfield>
<subfield code="a">DE-101b</subfield>
</datafield>
<datafield ind1="4" ind2="0" tag="856">
<subfield code="u">https://nbn-resolving.org/urn:nbn:de:101:1-2019110919535094161731</subfield>
<subfield code="x">Resolving-System</subfield>
</datafield>
<datafield ind1=" " ind2="0" tag="856">
<subfield code="u">https://d-nb.info/1199225789/34</subfield>
<subfield code="x">Langzeitarchivierung Nationalbibliothek</subfield>
</datafield>
<datafield ind1="4" ind2=" " tag="856">
<subfield code="q">mp3</subfield>
</datafield>
<datafield ind1="2" ind2=" " tag="883">
<subfield code="8">1\p</subfield>
<subfield code="a">dnb</subfield>
<subfield code="d">20241023</subfield>
<subfield code="q">DE-101</subfield>
<subfield code="u">https://d-nb.info/provenance/plan#dnb</subfield>
</datafield>
<datafield ind1="1" ind2=" " tag="883">
<subfield code="8">2\p</subfield>
<subfield code="a">npi</subfield>
<subfield code="d">20191109</subfield>
<subfield code="q">DE-101</subfield>
<subfield code="u">https://d-nb.info/provenance/plan#npi</subfield>
</datafield>
<datafield ind1="r" ind2=" " tag="925">
<subfield code="a">ro</subfield>
<subfield code="a">ra</subfield>
</datafield>
<datafield ind1=" " ind2=" " tag="927">
<subfield code="a">235470851</subfield>
</datafield>
</record>