<record type="Bibliographic" xmlns="http://www.loc.gov/MARC21/slim">
<leader>00000nam a22000008c 4500</leader>
<controlfield tag="001">1198429860</controlfield>
<controlfield tag="003">DE-101</controlfield>
<controlfield tag="005">20250320130737.0</controlfield>
<controlfield tag="007">tu</controlfield>
<controlfield tag="008">191031s2019    gw ||||| |||| 00||||ger  </controlfield>
<datafield ind1=" " ind2=" " tag="015">
<subfield code="a">19,N45</subfield>
<subfield code="2">dnb</subfield>
</datafield>
<datafield ind1="7" ind2=" " tag="016">
<subfield code="2">DE-101</subfield>
<subfield code="a">1198429860</subfield>
</datafield>
<datafield ind1=" " ind2=" " tag="020">
<subfield code="a">9783750402980</subfield>
<subfield code="c">Paperback : EUR 19.99 (DE), EUR 20.60 (AT), CHF 28.50 (freier Preis)</subfield>
<subfield code="9">978-3-7504-0298-0</subfield>
</datafield>
<datafield ind1=" " ind2=" " tag="020">
<subfield code="a">3750402981</subfield>
<subfield code="9">3-7504-0298-1</subfield>
</datafield>
<datafield ind1="3" ind2=" " tag="024">
<subfield code="a">9783750402980</subfield>
</datafield>
<datafield ind1=" " ind2=" " tag="035">
<subfield code="a">(DE-599)DNB1198429860</subfield>
</datafield>
<datafield ind1=" " ind2=" " tag="035">
<subfield code="a">(OCoLC)1126579484</subfield>
</datafield>
<datafield ind1=" " ind2=" " tag="040">
<subfield code="a">1245</subfield>
<subfield code="b">ger</subfield>
<subfield code="c">DE-101</subfield>
<subfield code="d">9999</subfield>
</datafield>
<datafield ind1=" " ind2=" " tag="041">
<subfield code="a">ger</subfield>
</datafield>
<datafield ind1=" " ind2=" " tag="044">
<subfield code="c">XA-DE-SH</subfield>
</datafield>
<datafield ind1="7" ind2="4" tag="082">
<subfield code="8">2\p</subfield>
<subfield code="a">830</subfield>
<subfield code="a">B</subfield>
<subfield code="q">DE-101</subfield>
<subfield code="2">23sdnb</subfield>
</datafield>
<datafield ind1="1" ind2=" " tag="100">
<subfield code="a">Panthel, Kerstin</subfield>
<subfield code="4">aut</subfield>
</datafield>
<datafield ind1="1" ind2="0" tag="245">
<subfield code="a">"Fehde der Schattenwelten" und "Erbin des Schattenjägers"</subfield>
<subfield code="b">Band 4 + 5 der Reihe im Doppelband</subfield>
<subfield code="c">Kerstin Panthel</subfield>
</datafield>
<datafield ind1=" " ind2=" " tag="250">
<subfield code="a">2. Auflage</subfield>
</datafield>
<datafield ind1=" " ind2=" " tag="263">
<subfield code="a">201910</subfield>
</datafield>
<datafield ind1=" " ind2="1" tag="264">
<subfield code="a">Norderstedt</subfield>
<subfield code="b">BoD – Books on Demand</subfield>
<subfield code="c">2019</subfield>
</datafield>
<datafield ind1=" " ind2=" " tag="300">
<subfield code="a">696 Seiten</subfield>
<subfield code="c">22 cm, 1090 g</subfield>
</datafield>
<datafield ind1=" " ind2=" " tag="336">
<subfield code="a">Text</subfield>
<subfield code="b">txt</subfield>
<subfield code="2">rdacontent</subfield>
</datafield>
<datafield ind1=" " ind2=" " tag="337">
<subfield code="a">ohne Hilfsmittel zu benutzen</subfield>
<subfield code="b">n</subfield>
<subfield code="2">rdamedia</subfield>
</datafield>
<datafield ind1=" " ind2=" " tag="338">
<subfield code="a">Band</subfield>
<subfield code="b">nc</subfield>
<subfield code="2">rdacarrier</subfield>
</datafield>
<datafield ind1=" " ind2=" " tag="653">
<subfield code="a">(Produktform)Paperback / softback</subfield>
</datafield>
<datafield ind1=" " ind2=" " tag="653">
<subfield code="a">Vampire</subfield>
</datafield>
<datafield ind1=" " ind2=" " tag="653">
<subfield code="a">Romantasy</subfield>
</datafield>
<datafield ind1=" " ind2=" " tag="653">
<subfield code="a">Fantasy</subfield>
</datafield>
<datafield ind1=" " ind2=" " tag="653">
<subfield code="a">Schattenwesen</subfield>
</datafield>
<datafield ind1=" " ind2=" " tag="653">
<subfield code="a">Vampirjäger</subfield>
</datafield>
<datafield ind1=" " ind2=" " tag="653">
<subfield code="a">(VLB-WN)1132: Hardcover, Softcover / Belletristik/Fantasy</subfield>
</datafield>
<datafield ind1=" " ind2="7" tag="655">
<subfield code="0">(DE-101)1010885626</subfield>
<subfield code="a">Fantasy</subfield>
<subfield code="2">gatbeg</subfield>
</datafield>
<datafield ind1="2" ind2=" " tag="710">
<subfield code="8">1\p</subfield>
<subfield code="0">(DE-588)10068934-6</subfield>
<subfield code="0">https://d-nb.info/gnd/10068934-6</subfield>
<subfield code="0">(DE-101)969619588</subfield>
<subfield code="a">Books on Demand GmbH</subfield>
<subfield code="g">Norderstedt</subfield>
<subfield code="e">Verlag</subfield>
<subfield code="4">pbl</subfield>
<subfield code="2">gnd</subfield>
</datafield>
<datafield ind1="0" ind2="8" tag="776">
<subfield code="i">Erscheint auch als</subfield>
<subfield code="n">Online-Ausgabe</subfield>
<subfield code="t">"Fehde der Schattenwelten" und "Erbin des Schattenjägers"</subfield>
<subfield code="d">Norderstedt : Books on Demand, 2019</subfield>
<subfield code="h">Online-Ressource</subfield>
<subfield code="w">(DE-101)1198377550</subfield>
</datafield>
<datafield ind1="4" ind2="2" tag="856">
<subfield code="m">X:MVB</subfield>
<subfield code="q">text/html</subfield>
<subfield code="u">http://deposit.dnb.de/cgi-bin/dokserv?id=db9c3ae2c9324502ae75aef6d07cf8c5&amp;prov=M&amp;dok_var=1&amp;dok_ext=htm</subfield>
<subfield code="3">Inhaltstext</subfield>
</datafield>
<datafield ind1="1" ind2=" " tag="883">
<subfield code="8">1\p</subfield>
<subfield code="a">adb</subfield>
<subfield code="d">20211004</subfield>
<subfield code="q">DE-101</subfield>
<subfield code="u">https://d-nb.info/provenance/plan#adb</subfield>
</datafield>
<datafield ind1="1" ind2=" " tag="883">
<subfield code="8">2\p</subfield>
<subfield code="a">vlb</subfield>
<subfield code="d">20191031</subfield>
<subfield code="q">DE-101</subfield>
<subfield code="u">https://d-nb.info/provenance/plan#vlb</subfield>
</datafield>
<datafield ind1="w" ind2=" " tag="925">
<subfield code="a">c</subfield>
</datafield>
<datafield ind1="1" ind2=" " tag="926">
<subfield code="a">FMR</subfield>
<subfield code="o">93</subfield>
<subfield code="q">Publisher</subfield>
<subfield code="v">1.6</subfield>
<subfield code="x">Fantasy Romance</subfield>
</datafield>
</record>