<record type="Bibliographic" xmlns="http://www.loc.gov/MARC21/slim">
<leader>00000pam a2200000 c 4500</leader>
<controlfield tag="001">1195548419</controlfield>
<controlfield tag="003">DE-101</controlfield>
<controlfield tag="005">20210317220124.0</controlfield>
<controlfield tag="007">tu</controlfield>
<controlfield tag="008">190924s2019    gw ||||| |||| 00||||ger  </controlfield>
<datafield ind1=" " ind2=" " tag="015">
<subfield code="a">21,A11</subfield>
<subfield code="z">19,N40</subfield>
<subfield code="2">dnb</subfield>
</datafield>
<datafield ind1="7" ind2=" " tag="016">
<subfield code="2">DE-101</subfield>
<subfield code="a">1195548419</subfield>
</datafield>
<datafield ind1=" " ind2=" " tag="020">
<subfield code="a">9783962020415</subfield>
<subfield code="c">Broschur : EUR 14.80 (DE), EUR 15.00 (AT), CHF 16.26 (freier Preis)</subfield>
<subfield code="9">978-3-96202-041-5</subfield>
</datafield>
<datafield ind1=" " ind2=" " tag="020">
<subfield code="a">3962020411</subfield>
<subfield code="9">3-96202-041-1</subfield>
</datafield>
<datafield ind1="3" ind2=" " tag="024">
<subfield code="a">9783962020415</subfield>
</datafield>
<datafield ind1=" " ind2=" " tag="035">
<subfield code="a">(DE-599)DNB1195548419</subfield>
</datafield>
<datafield ind1=" " ind2=" " tag="035">
<subfield code="a">(OCoLC)1181775409</subfield>
</datafield>
<datafield ind1=" " ind2=" " tag="035">
<subfield code="a">(OCoLC)1121490980</subfield>
</datafield>
<datafield ind1=" " ind2=" " tag="040">
<subfield code="a">1245</subfield>
<subfield code="b">ger</subfield>
<subfield code="c">DE-101</subfield>
<subfield code="d">9999</subfield>
<subfield code="e">rda</subfield>
</datafield>
<datafield ind1=" " ind2=" " tag="041">
<subfield code="a">ger</subfield>
</datafield>
<datafield ind1=" " ind2=" " tag="044">
<subfield code="c">XA-DE-HB</subfield>
</datafield>
<datafield ind1="7" ind2="4" tag="082">
<subfield code="8">3\p</subfield>
<subfield code="a">830</subfield>
<subfield code="a">B</subfield>
<subfield code="q">DE-101</subfield>
<subfield code="2">23sdnb</subfield>
</datafield>
<datafield ind1="1" ind2=" " tag="100">
<subfield code="8">1\p</subfield>
<subfield code="0">(DE-588)104456962X</subfield>
<subfield code="0">https://d-nb.info/gnd/104456962X</subfield>
<subfield code="0">(DE-101)104456962X</subfield>
<subfield code="a">Nowrousian, Schirin</subfield>
<subfield code="d">1975-</subfield>
<subfield code="e">Verfasser</subfield>
<subfield code="4">aut</subfield>
<subfield code="2">gnd</subfield>
</datafield>
<datafield ind1="1" ind2="0" tag="245">
<subfield code="a">Gläserne Fehde</subfield>
<subfield code="c">Schirin Nowrousian</subfield>
</datafield>
<datafield ind1=" " ind2=" " tag="250">
<subfield code="a">1. Auflage</subfield>
</datafield>
<datafield ind1=" " ind2=" " tag="259">
<subfield code="a">11</subfield>
</datafield>
<datafield ind1=" " ind2="1" tag="264">
<subfield code="a">Bremen</subfield>
<subfield code="b">Sujet Verlag</subfield>
<subfield code="c">2019</subfield>
</datafield>
<datafield ind1=" " ind2=" " tag="300">
<subfield code="a">108 Seiten</subfield>
<subfield code="c">19 cm</subfield>
</datafield>
<datafield ind1=" " ind2=" " tag="336">
<subfield code="a">Text</subfield>
<subfield code="b">txt</subfield>
<subfield code="2">rdacontent</subfield>
</datafield>
<datafield ind1=" " ind2=" " tag="337">
<subfield code="a">ohne Hilfsmittel zu benutzen</subfield>
<subfield code="b">n</subfield>
<subfield code="2">rdamedia</subfield>
</datafield>
<datafield ind1=" " ind2=" " tag="338">
<subfield code="a">Band</subfield>
<subfield code="b">nc</subfield>
<subfield code="2">rdacarrier</subfield>
</datafield>
<datafield ind1=" " ind2=" " tag="653">
<subfield code="a">(Produktform)Paperback / softback</subfield>
</datafield>
<datafield ind1=" " ind2=" " tag="653">
<subfield code="a">(Zielgruppe)Allgemein</subfield>
</datafield>
<datafield ind1=" " ind2=" " tag="653">
<subfield code="a">(Produktform (spezifisch))Paperback (DE)</subfield>
</datafield>
<datafield ind1=" " ind2=" " tag="653">
<subfield code="a">Gedichte</subfield>
</datafield>
<datafield ind1=" " ind2=" " tag="653">
<subfield code="a">Kunst</subfield>
</datafield>
<datafield ind1=" " ind2=" " tag="653">
<subfield code="a">Lyrik</subfield>
</datafield>
<datafield ind1=" " ind2=" " tag="653">
<subfield code="a">Nowrousian</subfield>
</datafield>
<datafield ind1=" " ind2=" " tag="653">
<subfield code="a">(VLB-WN)1151: Hardcover, Softcover / Belletristik/Lyrik</subfield>
</datafield>
<datafield ind1=" " ind2="7" tag="655">
<subfield code="0">(DE-588)4002214-6</subfield>
<subfield code="0">https://d-nb.info/gnd/4002214-6</subfield>
<subfield code="0">(DE-101)040022145</subfield>
<subfield code="a">Anthologie</subfield>
<subfield code="2">gnd-content</subfield>
</datafield>
<datafield ind1=" " ind2="7" tag="655">
<subfield code="0">(DE-101)1010836315</subfield>
<subfield code="a">Lyrik</subfield>
<subfield code="2">gatbeg</subfield>
</datafield>
<datafield ind1="2" ind2=" " tag="710">
<subfield code="8">2\p</subfield>
<subfield code="0">(DE-588)1065655878</subfield>
<subfield code="0">https://d-nb.info/gnd/1065655878</subfield>
<subfield code="0">(DE-101)1065655878</subfield>
<subfield code="a">Sujet Druck &amp; Verlag</subfield>
<subfield code="e">Verlag</subfield>
<subfield code="4">pbl</subfield>
<subfield code="2">gnd</subfield>
</datafield>
<datafield ind1=" " ind2=" " tag="850">
<subfield code="a">DE-101a</subfield>
<subfield code="a">DE-101b</subfield>
</datafield>
<datafield ind1="4" ind2="2" tag="856">
<subfield code="m">B:DE-101</subfield>
<subfield code="q">application/pdf</subfield>
<subfield code="u">https://d-nb.info/1195548419/04</subfield>
<subfield code="3">Inhaltsverzeichnis</subfield>
</datafield>
<datafield ind1="2" ind2=" " tag="883">
<subfield code="8">1\p</subfield>
<subfield code="a">dnb</subfield>
<subfield code="d">20210223</subfield>
<subfield code="q">DE-101</subfield>
<subfield code="u">https://d-nb.info/provenance/plan#dnb</subfield>
</datafield>
<datafield ind1="1" ind2=" " tag="883">
<subfield code="8">2\p</subfield>
<subfield code="a">adb</subfield>
<subfield code="d">20211004</subfield>
<subfield code="q">DE-101</subfield>
<subfield code="u">https://d-nb.info/provenance/plan#adb</subfield>
</datafield>
<datafield ind1="2" ind2=" " tag="883">
<subfield code="8">3\p</subfield>
<subfield code="a">dnb</subfield>
<subfield code="d">20210310</subfield>
<subfield code="q">DE-101</subfield>
<subfield code="u">https://d-nb.info/provenance/plan#dnb</subfield>
</datafield>
<datafield ind1="r" ind2=" " tag="925">
<subfield code="a">ra</subfield>
</datafield>
</record>