<record type="Bibliographic" xmlns="http://www.loc.gov/MARC21/slim">
<leader>00000nam a2200000uc 4500</leader>
<controlfield tag="001">1189813513</controlfield>
<controlfield tag="003">DE-101</controlfield>
<controlfield tag="005">20190704223256.0</controlfield>
<controlfield tag="007">cr||||||||||||</controlfield>
<controlfield tag="008">190704s2019    gw |||||o|||| 00||||ger  </controlfield>
<datafield ind1=" " ind2=" " tag="015">
<subfield code="a">19,O08</subfield>
<subfield code="2">dnb</subfield>
</datafield>
<datafield ind1="7" ind2=" " tag="016">
<subfield code="2">DE-101</subfield>
<subfield code="a">1189813513</subfield>
</datafield>
<datafield ind1=" " ind2=" " tag="020">
<subfield code="a">9783738926286</subfield>
<subfield code="9">978-3-7389-2628-6</subfield>
</datafield>
<datafield ind1="3" ind2=" " tag="024">
<subfield code="a">9783738926286</subfield>
</datafield>
<datafield ind1="7" ind2=" " tag="024">
<subfield code="2">urn</subfield>
<subfield code="a">urn:nbn:de:101:1-2019070402473578924408</subfield>
</datafield>
<datafield ind1=" " ind2=" " tag="035">
<subfield code="a">(DE-599)DNB1189813513</subfield>
</datafield>
<datafield ind1=" " ind2=" " tag="035">
<subfield code="a">(OCoLC)1190460837</subfield>
</datafield>
<datafield ind1=" " ind2=" " tag="040">
<subfield code="a">1140</subfield>
<subfield code="b">ger</subfield>
<subfield code="c">DE-101</subfield>
<subfield code="d">9999</subfield>
</datafield>
<datafield ind1=" " ind2=" " tag="041">
<subfield code="a">ger</subfield>
</datafield>
<datafield ind1=" " ind2=" " tag="044">
<subfield code="c">XA-DE-NW</subfield>
</datafield>
<datafield ind1="7" ind2="4" tag="082">
<subfield code="8">1\p</subfield>
<subfield code="a">830</subfield>
<subfield code="a">B</subfield>
<subfield code="q">DE-101</subfield>
<subfield code="2">23sdnb</subfield>
</datafield>
<datafield ind1="1" ind2=" " tag="100">
<subfield code="a">Bekker, Alfred</subfield>
<subfield code="e">Verfasser</subfield>
<subfield code="4">aut</subfield>
</datafield>
<datafield ind1="1" ind2="0" tag="245">
<subfield code="a">Heimat-Roman Sonder Edition - Die Fehde am Bergsee</subfield>
<subfield code="c">Alfred Bekker</subfield>
</datafield>
<datafield ind1=" " ind2="1" tag="264">
<subfield code="a">Lengerich</subfield>
<subfield code="b">Uksak E-Books</subfield>
<subfield code="c">2019</subfield>
</datafield>
<datafield ind1=" " ind2=" " tag="300">
<subfield code="a">Online-Ressource, 120 Seiten</subfield>
</datafield>
<datafield ind1=" " ind2=" " tag="336">
<subfield code="a">Text</subfield>
<subfield code="b">txt</subfield>
<subfield code="2">rdacontent</subfield>
</datafield>
<datafield ind1=" " ind2=" " tag="337">
<subfield code="a">Computermedien</subfield>
<subfield code="b">c</subfield>
<subfield code="2">rdamedia</subfield>
</datafield>
<datafield ind1=" " ind2=" " tag="338">
<subfield code="a">Online-Ressource</subfield>
<subfield code="b">cr</subfield>
<subfield code="2">rdacarrier</subfield>
</datafield>
<datafield ind1="1" ind2=" " tag="583">
<subfield code="a">Archivierung/Langzeitarchivierung gewährleistet</subfield>
<subfield code="5">DE-101</subfield>
<subfield code="2">pdager</subfield>
</datafield>
<datafield ind1=" " ind2=" " tag="653">
<subfield code="a">(Produktform)Electronic book text</subfield>
</datafield>
<datafield ind1=" " ind2=" " tag="653">
<subfield code="a">(BISAC Subject Heading)FIC027020: FICTION / Romance / Contemporary</subfield>
</datafield>
<datafield ind1=" " ind2=" " tag="653">
<subfield code="a">heimat-roman;sonder;edition;fehde;bergsee</subfield>
</datafield>
<datafield ind1=" " ind2=" " tag="653">
<subfield code="a">(VLB-WN)9110: Belletristik / Erzählende Literatur</subfield>
</datafield>
<datafield ind1=" " ind2="7" tag="655">
<subfield code="0">(DE-101)1010789759</subfield>
<subfield code="a">Erzählende Literatur</subfield>
<subfield code="2">gatbeg</subfield>
</datafield>
<datafield ind1=" " ind2=" " tag="850">
<subfield code="a">DE-101a</subfield>
<subfield code="a">DE-101b</subfield>
</datafield>
<datafield ind1="4" ind2="0" tag="856">
<subfield code="u">https://nbn-resolving.org/urn:nbn:de:101:1-2019070402473578924408</subfield>
<subfield code="x">Resolving-System</subfield>
</datafield>
<datafield ind1=" " ind2="0" tag="856">
<subfield code="u">https://d-nb.info/1189813513/34</subfield>
<subfield code="x">Langzeitarchivierung Nationalbibliothek</subfield>
</datafield>
<datafield ind1="4" ind2=" " tag="856">
<subfield code="q">epub</subfield>
<subfield code="u">https://uksakebooks.grin.com/document/458674</subfield>
<subfield code="x">Verlag</subfield>
</datafield>
<datafield ind1="1" ind2=" " tag="883">
<subfield code="8">1\p</subfield>
<subfield code="a">npi</subfield>
<subfield code="d">20190704</subfield>
<subfield code="q">DE-101</subfield>
<subfield code="u">https://d-nb.info/provenance/plan#npi</subfield>
</datafield>
<datafield ind1="r" ind2=" " tag="925">
<subfield code="a">ro</subfield>
<subfield code="a">rb</subfield>
</datafield>
<datafield ind1=" " ind2=" " tag="927">
<subfield code="a">622985217</subfield>
</datafield>
</record>