<record type="Bibliographic" xmlns="http://www.loc.gov/MARC21/slim">
<leader>00000nam a2200000 cb4500</leader>
<controlfield tag="001">1201163412</controlfield>
<controlfield tag="003">DE-101</controlfield>
<controlfield tag="005">20200213114056.0</controlfield>
<controlfield tag="007">tu</controlfield>
<controlfield tag="008">191206s2019    gw ||||| |||| 00||||ger  </controlfield>
<datafield ind1=" " ind2=" " tag="015">
<subfield code="a">19,A51</subfield>
<subfield code="2">dnb</subfield>
</datafield>
<datafield ind1="7" ind2=" " tag="016">
<subfield code="2">DE-101</subfield>
<subfield code="a">1201163412</subfield>
</datafield>
<datafield ind1=" " ind2=" " tag="020">
<subfield code="c">Broschur</subfield>
</datafield>
<datafield ind1=" " ind2=" " tag="035">
<subfield code="a">(DE-599)DNB1201163412</subfield>
</datafield>
<datafield ind1=" " ind2=" " tag="035">
<subfield code="a">(OCoLC)1197167095</subfield>
</datafield>
<datafield ind1=" " ind2=" " tag="040">
<subfield code="a">1248</subfield>
<subfield code="b">ger</subfield>
<subfield code="c">DE-101</subfield>
<subfield code="d">1240</subfield>
<subfield code="e">rda</subfield>
</datafield>
<datafield ind1=" " ind2=" " tag="041">
<subfield code="a">ger</subfield>
</datafield>
<datafield ind1=" " ind2=" " tag="044">
<subfield code="c">XA-DE</subfield>
</datafield>
<datafield ind1="7" ind2="4" tag="082">
<subfield code="8">1\p</subfield>
<subfield code="a">830</subfield>
<subfield code="a">B</subfield>
<subfield code="q">DE-101</subfield>
<subfield code="2">23sdnb</subfield>
</datafield>
<datafield ind1="0" ind2="0" tag="245">
<subfield code="a">Ungezähmtes Land</subfield>
<subfield code="c">Western von Frank Wells</subfield>
</datafield>
<datafield ind1=" " ind2=" " tag="249">
<subfield code="a">Gnadenlose Fehde</subfield>
<subfield code="v">Western von Frank Callahan</subfield>
<subfield code="a">Einsame Rache</subfield>
<subfield code="v">Western U.H. Wilken</subfield>
</datafield>
<datafield ind1=" " ind2="1" tag="264">
<subfield code="a">Hamburg</subfield>
<subfield code="b">Martin Kelter Verlag GmbH &amp; Co. KG</subfield>
<subfield code="c">[2019]</subfield>
</datafield>
<datafield ind1=" " ind2=" " tag="300">
<subfield code="a">66, 66, 65 Seiten</subfield>
<subfield code="c">23 cm</subfield>
</datafield>
<datafield ind1=" " ind2=" " tag="336">
<subfield code="a">Text</subfield>
<subfield code="b">txt</subfield>
<subfield code="2">rdacontent</subfield>
</datafield>
<datafield ind1=" " ind2=" " tag="337">
<subfield code="a">ohne Hilfsmittel zu benutzen</subfield>
<subfield code="b">n</subfield>
<subfield code="2">rdamedia</subfield>
</datafield>
<datafield ind1=" " ind2=" " tag="338">
<subfield code="a">Band</subfield>
<subfield code="b">nc</subfield>
<subfield code="2">rdacarrier</subfield>
</datafield>
<datafield ind1="1" ind2=" " tag="490">
<subfield code="a">Die grossen Western</subfield>
<subfield code="v">[Neue Folge], Nr. 193</subfield>
</datafield>
<datafield ind1=" " ind2="7" tag="655">
<subfield code="0">(DE-588)1071854844</subfield>
<subfield code="0">https://d-nb.info/gnd/1071854844</subfield>
<subfield code="0">(DE-101)1071854844</subfield>
<subfield code="a">Fiktionale Darstellung</subfield>
<subfield code="2">gnd-content</subfield>
</datafield>
<datafield ind1=" " ind2="7" tag="655">
<subfield code="0">(DE-101)1010874004</subfield>
<subfield code="a">Spannung</subfield>
<subfield code="2">gatbeg</subfield>
</datafield>
<datafield ind1="1" ind2=" " tag="700">
<subfield code="0">(DE-588)119368904X</subfield>
<subfield code="0">https://d-nb.info/gnd/119368904X</subfield>
<subfield code="0">(DE-101)119368904X</subfield>
<subfield code="a">Wells, Frank</subfield>
<subfield code="d">1921-1993</subfield>
<subfield code="e">Verfasser</subfield>
<subfield code="4">aut</subfield>
<subfield code="2">gnd</subfield>
</datafield>
<datafield ind1="1" ind2=" " tag="700">
<subfield code="0">(DE-588)1193687446</subfield>
<subfield code="0">https://d-nb.info/gnd/1193687446</subfield>
<subfield code="0">(DE-101)1193687446</subfield>
<subfield code="a">Callahan, Frank</subfield>
<subfield code="d">1941-</subfield>
<subfield code="e">Verfasser</subfield>
<subfield code="4">aut</subfield>
<subfield code="2">gnd</subfield>
</datafield>
<datafield ind1="1" ind2=" " tag="700">
<subfield code="0">(DE-588)1042044686</subfield>
<subfield code="0">https://d-nb.info/gnd/1042044686</subfield>
<subfield code="0">(DE-101)1042044686</subfield>
<subfield code="a">Wilken, U. H.</subfield>
<subfield code="d">1937-2001</subfield>
<subfield code="e">Verfasser</subfield>
<subfield code="4">aut</subfield>
<subfield code="2">gnd</subfield>
</datafield>
<datafield ind1="1" ind2="2" tag="700">
<subfield code="0">(DE-588)1201327245</subfield>
<subfield code="0">https://d-nb.info/gnd/1201327245</subfield>
<subfield code="0">(DE-101)1201327245</subfield>
<subfield code="a">Wells, Frank</subfield>
<subfield code="d">1921-1993</subfield>
<subfield code="t">Ungezähmtes Land</subfield>
<subfield code="2">gnd</subfield>
</datafield>
<datafield ind1="1" ind2="2" tag="700">
<subfield code="0">(DE-588)1201327393</subfield>
<subfield code="0">https://d-nb.info/gnd/1201327393</subfield>
<subfield code="0">(DE-101)1201327393</subfield>
<subfield code="a">Callahan, Frank</subfield>
<subfield code="d">1941-</subfield>
<subfield code="t">Gnadenlose Fehde</subfield>
<subfield code="2">gnd</subfield>
</datafield>
<datafield ind1="1" ind2="2" tag="700">
<subfield code="0">(DE-588)1201327709</subfield>
<subfield code="0">https://d-nb.info/gnd/1201327709</subfield>
<subfield code="0">(DE-101)1201327709</subfield>
<subfield code="a">Wilken, U. H.</subfield>
<subfield code="d">1937-2001</subfield>
<subfield code="t">Einsame Rache</subfield>
<subfield code="2">gnd</subfield>
</datafield>
<datafield ind1=" " ind2="0" tag="830">
<subfield code="a">Die grossen Western</subfield>
<subfield code="v">[Neue Folge], Nr. 193</subfield>
<subfield code="w">(DE-101)017070120</subfield>
<subfield code="w">(DE-600)1179380-6</subfield>
<subfield code="9">49999nf 3193</subfield>
<subfield code="7">as</subfield>
</datafield>
<datafield ind1=" " ind2=" " tag="850">
<subfield code="a">DE-101a</subfield>
<subfield code="a">DE-101b</subfield>
</datafield>
<datafield ind1="2" ind2=" " tag="883">
<subfield code="8">1\p</subfield>
<subfield code="a">dnb</subfield>
<subfield code="d">20191211</subfield>
<subfield code="q">DE-101</subfield>
<subfield code="u">https://d-nb.info/provenance/plan#dnb</subfield>
</datafield>
<datafield ind1="r" ind2=" " tag="925">
<subfield code="a">ra</subfield>
</datafield>
</record>