<record type="Bibliographic" xmlns="http://www.loc.gov/MARC21/slim">
<leader>00000nam a2200000uc 4500</leader>
<controlfield tag="001">1162138092</controlfield>
<controlfield tag="003">DE-101</controlfield>
<controlfield tag="005">20250123171228.0</controlfield>
<controlfield tag="007">cr||||||||||||</controlfield>
<controlfield tag="008">180703s2018    gw |||||o|||| 00||||ger  </controlfield>
<datafield ind1=" " ind2=" " tag="015">
<subfield code="a">18,O08</subfield>
<subfield code="2">dnb</subfield>
</datafield>
<datafield ind1="7" ind2=" " tag="016">
<subfield code="2">DE-101</subfield>
<subfield code="a">1162138092</subfield>
</datafield>
<datafield ind1=" " ind2=" " tag="020">
<subfield code="a">9783732556151</subfield>
<subfield code="9">978-3-7325-5615-1</subfield>
</datafield>
<datafield ind1="7" ind2=" " tag="024">
<subfield code="2">urn</subfield>
<subfield code="a">urn:nbn:de:101:1-2018070307123310029448</subfield>
</datafield>
<datafield ind1=" " ind2=" " tag="035">
<subfield code="a">(DE-599)DNB1162138092</subfield>
</datafield>
<datafield ind1=" " ind2=" " tag="035">
<subfield code="a">(OCoLC)1187453398</subfield>
</datafield>
<datafield ind1=" " ind2=" " tag="040">
<subfield code="a">1140</subfield>
<subfield code="b">ger</subfield>
<subfield code="c">DE-101</subfield>
<subfield code="d">9999</subfield>
</datafield>
<datafield ind1=" " ind2=" " tag="041">
<subfield code="a">ger</subfield>
</datafield>
<datafield ind1=" " ind2=" " tag="044">
<subfield code="c">XA-DE-NW</subfield>
</datafield>
<datafield ind1="7" ind2="4" tag="082">
<subfield code="8">4\p</subfield>
<subfield code="a">830</subfield>
<subfield code="a">B</subfield>
<subfield code="q">DE-101</subfield>
<subfield code="2">23sdnb</subfield>
</datafield>
<datafield ind1="1" ind2=" " tag="100">
<subfield code="a">Maresca, Marshall Ryan</subfield>
<subfield code="e">Verfasser</subfield>
<subfield code="4">aut</subfield>
</datafield>
<datafield ind1="1" ind2="0" tag="245">
<subfield code="a">Die Chroniken von Maradaine - Die Fehde der Magier</subfield>
<subfield code="c">Marshall Ryan Maresca</subfield>
</datafield>
<datafield ind1=" " ind2=" " tag="250">
<subfield code="a">1. Auflage 2018</subfield>
</datafield>
<datafield ind1=" " ind2=" " tag="259">
<subfield code="a">11</subfield>
</datafield>
<datafield ind1=" " ind2="1" tag="264">
<subfield code="a">Köln</subfield>
<subfield code="b">Bastei Entertainment</subfield>
<subfield code="c">2018</subfield>
</datafield>
<datafield ind1=" " ind2=" " tag="300">
<subfield code="a">Online-Ressource, 479 Seiten</subfield>
</datafield>
<datafield ind1=" " ind2=" " tag="336">
<subfield code="a">Text</subfield>
<subfield code="b">txt</subfield>
<subfield code="2">rdacontent</subfield>
</datafield>
<datafield ind1=" " ind2=" " tag="337">
<subfield code="a">Computermedien</subfield>
<subfield code="b">c</subfield>
<subfield code="2">rdamedia</subfield>
</datafield>
<datafield ind1=" " ind2=" " tag="338">
<subfield code="a">Online-Ressource</subfield>
<subfield code="b">cr</subfield>
<subfield code="2">rdacarrier</subfield>
</datafield>
<datafield ind1="1" ind2=" " tag="490">
<subfield code="a">Geschichten aus Maradaine</subfield>
<subfield code="v">2</subfield>
</datafield>
<datafield ind1=" " ind2=" " tag="500">
<subfield code="a">Lizenzpflichtig</subfield>
</datafield>
<datafield ind1="1" ind2=" " tag="583">
<subfield code="a">Archivierung/Langzeitarchivierung gewährleistet</subfield>
<subfield code="5">DE-101</subfield>
<subfield code="2">pdager</subfield>
</datafield>
<datafield ind1=" " ind2=" " tag="653">
<subfield code="a">(Produktform)Electronic book text</subfield>
</datafield>
<datafield ind1=" " ind2=" " tag="653">
<subfield code="a">(Lesealter)ab 16 bis 99 Jahre</subfield>
</datafield>
<datafield ind1=" " ind2=" " tag="653">
<subfield code="a">Herr der Ringe</subfield>
</datafield>
<datafield ind1=" " ind2=" " tag="653">
<subfield code="a">Hobbit</subfield>
</datafield>
<datafield ind1=" " ind2=" " tag="653">
<subfield code="a">Tolkien</subfield>
</datafield>
<datafield ind1=" " ind2=" " tag="653">
<subfield code="a">Elfe</subfield>
</datafield>
<datafield ind1=" " ind2=" " tag="653">
<subfield code="a">Elb</subfield>
</datafield>
<datafield ind1=" " ind2=" " tag="653">
<subfield code="a">Troll</subfield>
</datafield>
<datafield ind1=" " ind2=" " tag="653">
<subfield code="a">Game of Thrones</subfield>
</datafield>
<datafield ind1=" " ind2=" " tag="653">
<subfield code="a">Eis und Feuer</subfield>
</datafield>
<datafield ind1=" " ind2=" " tag="653">
<subfield code="a">High Fantasy</subfield>
</datafield>
<datafield ind1=" " ind2=" " tag="653">
<subfield code="a">Epic Fantasy</subfield>
</datafield>
<datafield ind1=" " ind2=" " tag="653">
<subfield code="a">Fantasy Bestseller</subfield>
</datafield>
<datafield ind1=" " ind2=" " tag="653">
<subfield code="a">Fantasy Roman</subfield>
</datafield>
<datafield ind1=" " ind2=" " tag="653">
<subfield code="a">Low Fantasy</subfield>
</datafield>
<datafield ind1=" " ind2=" " tag="653">
<subfield code="a">Magie</subfield>
</datafield>
<datafield ind1=" " ind2=" " tag="653">
<subfield code="a">Maradaine</subfield>
</datafield>
<datafield ind1=" " ind2=" " tag="653">
<subfield code="a">Brent Weeks</subfield>
</datafield>
<datafield ind1=" " ind2=" " tag="653">
<subfield code="a">Dave Duncan</subfield>
</datafield>
<datafield ind1=" " ind2=" " tag="653">
<subfield code="a">Torsten Fink</subfield>
</datafield>
<datafield ind1=" " ind2=" " tag="653">
<subfield code="a">cloak and dagger</subfield>
</datafield>
<datafield ind1=" " ind2=" " tag="653">
<subfield code="a">Mantel und Degen</subfield>
</datafield>
<datafield ind1=" " ind2=" " tag="653">
<subfield code="a">sword and sorcery</subfield>
</datafield>
<datafield ind1=" " ind2=" " tag="653">
<subfield code="a">Queste</subfield>
</datafield>
<datafield ind1=" " ind2=" " tag="653">
<subfield code="a">Fantasy Bücher</subfield>
</datafield>
<datafield ind1=" " ind2=" " tag="653">
<subfield code="a">(VLB-WN)9132</subfield>
</datafield>
<datafield ind1=" " ind2=" " tag="653">
<subfield code="a">(BISAC Subject Heading)FIC009020</subfield>
</datafield>
<datafield ind1=" " ind2=" " tag="653">
<subfield code="a">(DDC-Sachgruppen der Deutschen Nationalbibliografie)830</subfield>
</datafield>
<datafield ind1=" " ind2=" " tag="653">
<subfield code="a">(DDC-Sachgruppen der Deutschen Nationalbibliografie)B</subfield>
</datafield>
<datafield ind1=" " ind2="7" tag="655">
<subfield code="0">(DE-101)1010885626</subfield>
<subfield code="a">Fantasy</subfield>
<subfield code="2">gatbeg</subfield>
</datafield>
<datafield ind1="1" ind2=" " tag="700">
<subfield code="a">Weber, Markus</subfield>
<subfield code="e">Illustrator</subfield>
<subfield code="4">ill</subfield>
</datafield>
<datafield ind1="1" ind2=" " tag="700">
<subfield code="8">1\p</subfield>
<subfield code="0">(DE-588)123749727</subfield>
<subfield code="0">https://d-nb.info/gnd/123749727</subfield>
<subfield code="0">(DE-101)123749727</subfield>
<subfield code="a">Lohmann, Alexander</subfield>
<subfield code="d">1968-</subfield>
<subfield code="e">Übersetzer</subfield>
<subfield code="4">trl</subfield>
<subfield code="2">gnd</subfield>
</datafield>
<datafield ind1="1" ind2=" " tag="700">
<subfield code="8">2\p</subfield>
<subfield code="0">(DE-588)130858153</subfield>
<subfield code="0">https://d-nb.info/gnd/130858153</subfield>
<subfield code="0">(DE-101)130858153</subfield>
<subfield code="a">Budinger, Linda</subfield>
<subfield code="d">1968-</subfield>
<subfield code="e">Übersetzer</subfield>
<subfield code="4">trl</subfield>
<subfield code="2">gnd</subfield>
</datafield>
<datafield ind1="2" ind2=" " tag="710">
<subfield code="8">3\p</subfield>
<subfield code="0">(DE-588)1043076026</subfield>
<subfield code="0">https://d-nb.info/gnd/1043076026</subfield>
<subfield code="0">(DE-101)1043076026</subfield>
<subfield code="a">Bastei Lübbe AG</subfield>
<subfield code="e">Verlag</subfield>
<subfield code="4">pbl</subfield>
<subfield code="2">gnd</subfield>
</datafield>
<datafield ind1="0" ind2="8" tag="776">
<subfield code="i">Erscheint auch als</subfield>
<subfield code="n">Druck-Ausgabe</subfield>
<subfield code="z">9783404209170</subfield>
</datafield>
<datafield ind1="0" ind2="8" tag="776">
<subfield code="i">Erscheint auch als</subfield>
<subfield code="n">Druck-Ausgabe</subfield>
<subfield code="t">Die Fehde der Magier</subfield>
<subfield code="d">Köln : Bastei Lübbe Taschenbuch, [2018]</subfield>
<subfield code="h">477 Seiten</subfield>
<subfield code="w">(DE-101)1143557913</subfield>
<subfield code="b">Vollständige Taschenbuchausgabe, deutsche Erstausgabe</subfield>
</datafield>
<datafield ind1=" " ind2="0" tag="830">
<subfield code="a">Geschichten aus Maradaine</subfield>
<subfield code="v">2</subfield>
</datafield>
<datafield ind1=" " ind2=" " tag="850">
<subfield code="a">DE-101a</subfield>
<subfield code="a">DE-101b</subfield>
</datafield>
<datafield ind1="4" ind2="0" tag="856">
<subfield code="u">https://nbn-resolving.org/urn:nbn:de:101:1-2018070307123310029448</subfield>
<subfield code="x">Resolving-System</subfield>
</datafield>
<datafield ind1=" " ind2="0" tag="856">
<subfield code="u">https://d-nb.info/1162138092/34</subfield>
<subfield code="x">Langzeitarchivierung Nationalbibliothek</subfield>
</datafield>
<datafield ind1="4" ind2=" " tag="856">
<subfield code="q">epub</subfield>
</datafield>
<datafield ind1="0" ind2=" " tag="883">
<subfield code="8">1\p</subfield>
<subfield code="a">ptc001</subfield>
<subfield code="d">20241210</subfield>
<subfield code="q">DE-101</subfield>
<subfield code="u">https://d-nb.info/provenance/plan#ptc001</subfield>
</datafield>
<datafield ind1=" " ind2=" " tag="883">
<subfield code="8">2\p</subfield>
<subfield code="a">cgwrk</subfield>
<subfield code="d">20210314</subfield>
<subfield code="q">DE-101</subfield>
<subfield code="u">https://d-nb.info/provenance/plan#cgwrk</subfield>
</datafield>
<datafield ind1="1" ind2=" " tag="883">
<subfield code="8">3\p</subfield>
<subfield code="a">adb-pa</subfield>
<subfield code="d">20211003</subfield>
<subfield code="q">DE-101</subfield>
<subfield code="u">https://d-nb.info/provenance/plan#adb-pa</subfield>
</datafield>
<datafield ind1="1" ind2=" " tag="883">
<subfield code="8">4\p</subfield>
<subfield code="a">npi</subfield>
<subfield code="d">20180703</subfield>
<subfield code="q">DE-101</subfield>
<subfield code="u">https://d-nb.info/provenance/plan#npi</subfield>
</datafield>
<datafield ind1="r" ind2=" " tag="925">
<subfield code="a">ro</subfield>
<subfield code="a">ra</subfield>
</datafield>
<datafield ind1=" " ind2=" " tag="927">
<subfield code="a">235470851</subfield>
</datafield>
</record>