<record type="Bibliographic" xmlns="http://www.loc.gov/MARC21/slim">
<leader>00000pam a2200000 c 4500</leader>
<controlfield tag="001">1143557913</controlfield>
<controlfield tag="003">DE-101</controlfield>
<controlfield tag="005">20180926223014.0</controlfield>
<controlfield tag="007">tu</controlfield>
<controlfield tag="008">171106s2018    gw ||||| |||| 00||||ger  </controlfield>
<datafield ind1=" " ind2=" " tag="015">
<subfield code="a">18,A40</subfield>
<subfield code="z">17,N46</subfield>
<subfield code="2">dnb</subfield>
</datafield>
<datafield ind1="7" ind2=" " tag="016">
<subfield code="2">DE-101</subfield>
<subfield code="a">1143557913</subfield>
</datafield>
<datafield ind1=" " ind2=" " tag="020">
<subfield code="a">9783404209170</subfield>
<subfield code="c">Broschur : EUR 10.00 (DE), EUR 10.30 (AT), CHF 13.90 (freier Preis)</subfield>
<subfield code="9">978-3-404-20917-0</subfield>
</datafield>
<datafield ind1=" " ind2=" " tag="020">
<subfield code="a">3404209176</subfield>
<subfield code="9">3-404-20917-6</subfield>
</datafield>
<datafield ind1="3" ind2=" " tag="024">
<subfield code="a">9783404209170</subfield>
</datafield>
<datafield ind1="5" ind2="2" tag="028">
<subfield code="a">Bestellnummer: 20917</subfield>
</datafield>
<datafield ind1=" " ind2=" " tag="035">
<subfield code="a">(DE-599)DNB1143557913</subfield>
</datafield>
<datafield ind1=" " ind2=" " tag="035">
<subfield code="a">(OCoLC)1186117253</subfield>
</datafield>
<datafield ind1=" " ind2=" " tag="035">
<subfield code="a">(OCoLC)1012131886</subfield>
</datafield>
<datafield ind1=" " ind2=" " tag="040">
<subfield code="a">1145</subfield>
<subfield code="b">ger</subfield>
<subfield code="c">DE-101</subfield>
<subfield code="d">9999</subfield>
<subfield code="e">rda</subfield>
</datafield>
<datafield ind1=" " ind2=" " tag="041">
<subfield code="a">ger</subfield>
<subfield code="h">eng</subfield>
</datafield>
<datafield ind1=" " ind2=" " tag="044">
<subfield code="c">XA-DE-NW</subfield>
</datafield>
<datafield ind1="7" ind2="4" tag="082">
<subfield code="8">3\p</subfield>
<subfield code="a">810</subfield>
<subfield code="a">B</subfield>
<subfield code="q">DE-101</subfield>
<subfield code="2">23sdnb</subfield>
</datafield>
<datafield ind1="1" ind2=" " tag="100">
<subfield code="8">1\p</subfield>
<subfield code="a">Maresca, Marshall Ryan</subfield>
<subfield code="e">Verfasser</subfield>
<subfield code="4">aut</subfield>
</datafield>
<datafield ind1="1" ind2="0" tag="240">
<subfield code="a">A murder of mages</subfield>
</datafield>
<datafield ind1="1" ind2="0" tag="245">
<subfield code="a">Die Fehde der Magier</subfield>
<subfield code="b">Roman</subfield>
<subfield code="c">Marshall Ryan Maresca ; aus dem amerikanischen Englisch von Linda Budinger</subfield>
</datafield>
<datafield ind1=" " ind2=" " tag="250">
<subfield code="a">Vollständige Taschenbuchausgabe, deutsche Erstausgabe</subfield>
</datafield>
<datafield ind1=" " ind2=" " tag="259">
<subfield code="a">votde</subfield>
</datafield>
<datafield ind1=" " ind2="1" tag="264">
<subfield code="a">Köln</subfield>
<subfield code="b">Bastei Lübbe Taschenbuch</subfield>
<subfield code="c">[2018]</subfield>
</datafield>
<datafield ind1=" " ind2=" " tag="300">
<subfield code="a">477 Seiten</subfield>
<subfield code="c">19 cm</subfield>
</datafield>
<datafield ind1=" " ind2=" " tag="336">
<subfield code="a">Text</subfield>
<subfield code="b">txt</subfield>
<subfield code="2">rdacontent</subfield>
</datafield>
<datafield ind1=" " ind2=" " tag="337">
<subfield code="a">ohne Hilfsmittel zu benutzen</subfield>
<subfield code="b">n</subfield>
<subfield code="2">rdamedia</subfield>
</datafield>
<datafield ind1=" " ind2=" " tag="338">
<subfield code="a">Band</subfield>
<subfield code="b">nc</subfield>
<subfield code="2">rdacarrier</subfield>
</datafield>
<datafield ind1="1" ind2=" " tag="490">
<subfield code="a">Bastei-Lübbe-Taschenbuch</subfield>
<subfield code="v">Band 20917</subfield>
</datafield>
<datafield ind1="0" ind2=" " tag="490">
<subfield code="a">Die Chroniken von Maradaine</subfield>
</datafield>
<datafield ind1=" " ind2=" " tag="653">
<subfield code="a">(Produktform)Paperback / softback</subfield>
</datafield>
<datafield ind1=" " ind2=" " tag="653">
<subfield code="a">(Lesealter)ab 16 bis 99 Jahre</subfield>
</datafield>
<datafield ind1=" " ind2=" " tag="653">
<subfield code="a">(BISAC Subject Heading)FIC009020</subfield>
</datafield>
<datafield ind1=" " ind2=" " tag="653">
<subfield code="a">(DDC-Sachgruppen der Deutschen Nationalbibliografie)830</subfield>
</datafield>
<datafield ind1=" " ind2=" " tag="653">
<subfield code="a">(DDC-Sachgruppen der Deutschen Nationalbibliografie)B</subfield>
</datafield>
<datafield ind1=" " ind2=" " tag="653">
<subfield code="a">Herr der Ringe</subfield>
</datafield>
<datafield ind1=" " ind2=" " tag="653">
<subfield code="a">Hobbit</subfield>
</datafield>
<datafield ind1=" " ind2=" " tag="653">
<subfield code="a">Tolkien</subfield>
</datafield>
<datafield ind1=" " ind2=" " tag="653">
<subfield code="a">Elfe</subfield>
</datafield>
<datafield ind1=" " ind2=" " tag="653">
<subfield code="a">Elb</subfield>
</datafield>
<datafield ind1=" " ind2=" " tag="653">
<subfield code="a">Troll</subfield>
</datafield>
<datafield ind1=" " ind2=" " tag="653">
<subfield code="a">Game of Thrones</subfield>
</datafield>
<datafield ind1=" " ind2=" " tag="653">
<subfield code="a">Eis und Feuer</subfield>
</datafield>
<datafield ind1=" " ind2=" " tag="653">
<subfield code="a">High Fantasy</subfield>
</datafield>
<datafield ind1=" " ind2=" " tag="653">
<subfield code="a">Epic Fantasy</subfield>
</datafield>
<datafield ind1=" " ind2=" " tag="653">
<subfield code="a">Fantasy Bestseller</subfield>
</datafield>
<datafield ind1=" " ind2=" " tag="653">
<subfield code="a">Fantasy Roman</subfield>
</datafield>
<datafield ind1=" " ind2=" " tag="653">
<subfield code="a">Low Fantasy</subfield>
</datafield>
<datafield ind1=" " ind2=" " tag="653">
<subfield code="a">Magie</subfield>
</datafield>
<datafield ind1=" " ind2=" " tag="653">
<subfield code="a">Maradaine</subfield>
</datafield>
<datafield ind1=" " ind2=" " tag="653">
<subfield code="a">Brent Weeks</subfield>
</datafield>
<datafield ind1=" " ind2=" " tag="653">
<subfield code="a">Dave Duncan</subfield>
</datafield>
<datafield ind1=" " ind2=" " tag="653">
<subfield code="a">Torsten Fink</subfield>
</datafield>
<datafield ind1=" " ind2=" " tag="653">
<subfield code="a">cloak and dagger</subfield>
</datafield>
<datafield ind1=" " ind2=" " tag="653">
<subfield code="a">Mantel und Degen</subfield>
</datafield>
<datafield ind1=" " ind2=" " tag="653">
<subfield code="a">sword and sorcery</subfield>
</datafield>
<datafield ind1=" " ind2=" " tag="653">
<subfield code="a">Queste</subfield>
</datafield>
<datafield ind1=" " ind2=" " tag="653">
<subfield code="a">Fantasy Bücher</subfield>
</datafield>
<datafield ind1=" " ind2=" " tag="653">
<subfield code="a">(BISAC Subject Heading)FIC009020</subfield>
</datafield>
<datafield ind1=" " ind2=" " tag="653">
<subfield code="a">(VLB-WN)2132: Taschenbuch / Belletristik/Fantasy</subfield>
</datafield>
<datafield ind1=" " ind2="7" tag="655">
<subfield code="0">(DE-588)1071854844</subfield>
<subfield code="0">https://d-nb.info/gnd/1071854844</subfield>
<subfield code="0">(DE-101)1071854844</subfield>
<subfield code="a">Fiktionale Darstellung</subfield>
<subfield code="2">gnd-content</subfield>
</datafield>
<datafield ind1=" " ind2="7" tag="655">
<subfield code="0">(DE-101)1010885626</subfield>
<subfield code="a">Fantasy</subfield>
<subfield code="2">gatbeg</subfield>
</datafield>
<datafield ind1="1" ind2=" " tag="700">
<subfield code="0">(DE-588)130858153</subfield>
<subfield code="0">https://d-nb.info/gnd/130858153</subfield>
<subfield code="0">(DE-101)130858153</subfield>
<subfield code="a">Budinger, Linda</subfield>
<subfield code="d">1968-</subfield>
<subfield code="e">Übersetzer</subfield>
<subfield code="4">trl</subfield>
<subfield code="2">gnd</subfield>
</datafield>
<datafield ind1="1" ind2=" " tag="700">
<subfield code="a">Weber, Markus</subfield>
<subfield code="e">Illustrator</subfield>
<subfield code="4">ill</subfield>
</datafield>
<datafield ind1="2" ind2=" " tag="710">
<subfield code="8">2\p</subfield>
<subfield code="0">(DE-588)1043076026</subfield>
<subfield code="0">https://d-nb.info/gnd/1043076026</subfield>
<subfield code="0">(DE-101)1043076026</subfield>
<subfield code="a">Bastei Lübbe AG</subfield>
<subfield code="e">Verlag</subfield>
<subfield code="4">pbl</subfield>
<subfield code="2">gnd</subfield>
</datafield>
<datafield ind1="0" ind2="8" tag="776">
<subfield code="i">Erscheint auch als</subfield>
<subfield code="n">Online-Ausgabe</subfield>
<subfield code="t">Die Chroniken von Maradaine - Die Fehde der Magier</subfield>
<subfield code="d">Köln : Bastei Entertainment, 2018</subfield>
<subfield code="h">Online-Ressource, 479 Seiten</subfield>
<subfield code="w">(DE-101)1162138092</subfield>
<subfield code="b">1. Auflage 2018</subfield>
</datafield>
<datafield ind1="0" ind2="8" tag="776">
<subfield code="i">Erscheint auch als</subfield>
<subfield code="n">Online-Ausgabe</subfield>
<subfield code="z">9783732556151</subfield>
</datafield>
<datafield ind1=" " ind2="0" tag="830">
<subfield code="a">Bastei-Lübbe-Taschenbuch</subfield>
<subfield code="v">Band 20917</subfield>
<subfield code="w">(DE-101)010434747</subfield>
<subfield code="w">(DE-600)49563-3</subfield>
<subfield code="9">520917</subfield>
<subfield code="7">as</subfield>
</datafield>
<datafield ind1=" " ind2=" " tag="850">
<subfield code="a">DE-101a</subfield>
<subfield code="a">DE-101b</subfield>
</datafield>
<datafield ind1="2" ind2=" " tag="883">
<subfield code="8">1\p</subfield>
<subfield code="a">dnb</subfield>
<subfield code="d">20200612</subfield>
<subfield code="q">DE-101</subfield>
<subfield code="u">https://d-nb.info/provenance/plan#dnb</subfield>
</datafield>
<datafield ind1="1" ind2=" " tag="883">
<subfield code="8">2\p</subfield>
<subfield code="a">adb</subfield>
<subfield code="d">20211003</subfield>
<subfield code="q">DE-101</subfield>
<subfield code="u">https://d-nb.info/provenance/plan#adb</subfield>
</datafield>
<datafield ind1="2" ind2=" " tag="883">
<subfield code="8">3\p</subfield>
<subfield code="a">dnb</subfield>
<subfield code="d">20180926</subfield>
<subfield code="q">DE-101</subfield>
<subfield code="u">https://d-nb.info/provenance/plan#dnb</subfield>
</datafield>
<datafield ind1="r" ind2=" " tag="925">
<subfield code="a">ra</subfield>
</datafield>
<datafield ind1="1" ind2=" " tag="926">
<subfield code="a">FMB</subfield>
<subfield code="o">93</subfield>
<subfield code="q">Publisher</subfield>
<subfield code="v">1.2</subfield>
<subfield code="x">Epische Fantasy (High Fantasy)</subfield>
</datafield>
</record>