<record type="Bibliographic" xmlns="http://www.loc.gov/MARC21/slim">
<leader>00000nam a2200000uc 4500</leader>
<controlfield tag="001">1258252139</controlfield>
<controlfield tag="003">DE-101</controlfield>
<controlfield tag="005">20220525032319.0</controlfield>
<controlfield tag="007">cr||||||||||||</controlfield>
<controlfield tag="008">220524s2018    gw |||||o|||| 00||||ger  </controlfield>
<datafield ind1=" " ind2=" " tag="015">
<subfield code="a">22,O06</subfield>
<subfield code="2">dnb</subfield>
</datafield>
<datafield ind1="7" ind2=" " tag="016">
<subfield code="2">DE-101</subfield>
<subfield code="a">1258252139</subfield>
</datafield>
<datafield ind1=" " ind2=" " tag="020">
<subfield code="a">9783668693753</subfield>
<subfield code="9">978-3-668-69375-3</subfield>
</datafield>
<datafield ind1="3" ind2=" " tag="024">
<subfield code="a">9783668693753</subfield>
</datafield>
<datafield ind1="7" ind2=" " tag="024">
<subfield code="2">urn</subfield>
<subfield code="a">urn:nbn:de:101:1-2022052404055512362651</subfield>
</datafield>
<datafield ind1=" " ind2=" " tag="035">
<subfield code="a">(DE-599)DNB1258252139</subfield>
</datafield>
<datafield ind1=" " ind2=" " tag="040">
<subfield code="a">1240</subfield>
<subfield code="b">ger</subfield>
<subfield code="c">DE-101</subfield>
<subfield code="d">0292</subfield>
</datafield>
<datafield ind1=" " ind2=" " tag="041">
<subfield code="8">1\p</subfield>
<subfield code="a">ger</subfield>
</datafield>
<datafield ind1=" " ind2=" " tag="044">
<subfield code="c">XA-DE-BY</subfield>
</datafield>
<datafield ind1="7" ind2="4" tag="082">
<subfield code="8">3\p</subfield>
<subfield code="a">150</subfield>
<subfield code="q">DE-101</subfield>
<subfield code="2">23sdnb</subfield>
</datafield>
<datafield ind1="1" ind2=" " tag="100">
<subfield code="8">2\p</subfield>
<subfield code="a">Wröbel, Taliah</subfield>
<subfield code="e">Verfasser</subfield>
<subfield code="4">aut</subfield>
</datafield>
<datafield ind1="1" ind2="0" tag="245">
<subfield code="a">Die mittelalterliche Institution der Fehde am Beispiel der Soester Fehde</subfield>
<subfield code="c">Taliah Wröbel</subfield>
</datafield>
<datafield ind1=" " ind2=" " tag="250">
<subfield code="a">1. Auflage</subfield>
</datafield>
<datafield ind1=" " ind2=" " tag="259">
<subfield code="a">11</subfield>
</datafield>
<datafield ind1=" " ind2="1" tag="264">
<subfield code="a">München</subfield>
<subfield code="b">GRIN Verlag</subfield>
<subfield code="c">2018</subfield>
</datafield>
<datafield ind1=" " ind2=" " tag="300">
<subfield code="a">Online-Ressource, 16 Seiten</subfield>
</datafield>
<datafield ind1=" " ind2=" " tag="336">
<subfield code="a">Text</subfield>
<subfield code="b">txt</subfield>
<subfield code="2">rdacontent</subfield>
</datafield>
<datafield ind1=" " ind2=" " tag="337">
<subfield code="a">ohne Hilfsmittel zu benutzen</subfield>
<subfield code="b">n</subfield>
<subfield code="2">rdamedia</subfield>
</datafield>
<datafield ind1=" " ind2=" " tag="338">
<subfield code="a">Band</subfield>
<subfield code="b">nc</subfield>
<subfield code="2">rdacarrier</subfield>
</datafield>
<datafield ind1=" " ind2=" " tag="500">
<subfield code="a">Vom Verlag als Druckwerk on demand und/oder als E-Book angeboten</subfield>
</datafield>
<datafield ind1="1" ind2=" " tag="583">
<subfield code="a">Archivierung/Langzeitarchivierung gewährleistet</subfield>
<subfield code="5">DE-101</subfield>
<subfield code="2">pdager</subfield>
</datafield>
<datafield ind1=" " ind2=" " tag="653">
<subfield code="a">(Produktform)Pamphlet</subfield>
</datafield>
<datafield ind1=" " ind2=" " tag="653">
<subfield code="a">(BISAC Subject Heading)HIS000000: HISTORY / General</subfield>
</datafield>
<datafield ind1=" " ind2=" " tag="653">
<subfield code="a">Fehde;Mittelalter;Krieg;Soest</subfield>
</datafield>
<datafield ind1=" " ind2=" " tag="653">
<subfield code="a">(VLB-WN)1551: Geschichte / Allgemeines, Lexika</subfield>
</datafield>
<datafield ind1="0" ind2="8" tag="776">
<subfield code="i">Erscheint auch als</subfield>
<subfield code="n">Online-Ausgabe</subfield>
<subfield code="z">9783668693746</subfield>
</datafield>
<datafield ind1=" " ind2=" " tag="850">
<subfield code="a">DE-101a</subfield>
<subfield code="a">DE-101b</subfield>
</datafield>
<datafield ind1="4" ind2="0" tag="856">
<subfield code="u">https://nbn-resolving.org/urn:nbn:de:101:1-2022052404055512362651</subfield>
<subfield code="x">Resolving-System</subfield>
</datafield>
<datafield ind1=" " ind2="0" tag="856">
<subfield code="u">https://d-nb.info/1258252139/34</subfield>
<subfield code="x">Langzeitarchivierung Nationalbibliothek</subfield>
</datafield>
<datafield ind1="4" ind2=" " tag="856">
<subfield code="u">https://www.grin.com/document/424058</subfield>
<subfield code="x">Verlag</subfield>
</datafield>
<datafield ind1="1" ind2=" " tag="883">
<subfield code="8">1\p</subfield>
<subfield code="a">npi</subfield>
<subfield code="d">20220524</subfield>
<subfield code="q">DE-101</subfield>
<subfield code="u">https://d-nb.info/provenance/plan#npi</subfield>
</datafield>
<datafield ind1="1" ind2=" " tag="883">
<subfield code="8">2\p</subfield>
<subfield code="a">npi</subfield>
<subfield code="d">20220524</subfield>
<subfield code="q">DE-101</subfield>
<subfield code="u">https://d-nb.info/provenance/plan#npi</subfield>
</datafield>
<datafield ind1="0" ind2=" " tag="883">
<subfield code="8">3\p</subfield>
<subfield code="a">emasg</subfield>
<subfield code="c">0,07750</subfield>
<subfield code="d">20220525</subfield>
<subfield code="q">DE-101</subfield>
<subfield code="u">https://d-nb.info/provenance/plan#emasg</subfield>
</datafield>
<datafield ind1="r" ind2=" " tag="925">
<subfield code="a">ro</subfield>
<subfield code="a">ra</subfield>
</datafield>
<datafield ind1="p" ind2=" " tag="925">
<subfield code="a">pd</subfield>
</datafield>
<datafield ind1="1" ind2=" " tag="926">
<subfield code="a">NHDJ</subfield>
<subfield code="o">93</subfield>
<subfield code="v">1.2</subfield>
<subfield code="x">European history: medieval period, middle ages</subfield>
</datafield>
<datafield ind1=" " ind2=" " tag="927">
<subfield code="a">114196480</subfield>
</datafield>
</record>