<record type="Bibliographic" xmlns="http://www.loc.gov/MARC21/slim">
<leader>00000pam a2200000 c 4500</leader>
<controlfield tag="001">1165078910</controlfield>
<controlfield tag="003">DE-101</controlfield>
<controlfield tag="005">20230125180014.0</controlfield>
<controlfield tag="007">tu</controlfield>
<controlfield tag="008">180821s2018    gw ||||| |||| 00||||ger  </controlfield>
<datafield ind1=" " ind2=" " tag="015">
<subfield code="a">19,A28</subfield>
<subfield code="z">18,N35</subfield>
<subfield code="2">dnb</subfield>
</datafield>
<datafield ind1="7" ind2=" " tag="016">
<subfield code="2">DE-101</subfield>
<subfield code="a">1165078910</subfield>
</datafield>
<datafield ind1=" " ind2=" " tag="020">
<subfield code="a">9783825369248</subfield>
<subfield code="c">Festeinband : circa EUR 45.00 (DE)</subfield>
<subfield code="9">978-3-8253-6924-8</subfield>
</datafield>
<datafield ind1=" " ind2=" " tag="020">
<subfield code="a">3825369242</subfield>
<subfield code="9">3-8253-6924-2</subfield>
</datafield>
<datafield ind1="3" ind2=" " tag="024">
<subfield code="a">9783825369248</subfield>
</datafield>
<datafield ind1=" " ind2=" " tag="035">
<subfield code="a">(DE-599)DNB1165078910</subfield>
</datafield>
<datafield ind1=" " ind2=" " tag="035">
<subfield code="a">(OCoLC)1186326112</subfield>
</datafield>
<datafield ind1=" " ind2=" " tag="035">
<subfield code="a">(OCoLC)1050278541</subfield>
</datafield>
<datafield ind1=" " ind2=" " tag="040">
<subfield code="a">1245</subfield>
<subfield code="b">ger</subfield>
<subfield code="c">DE-101</subfield>
<subfield code="d">9999</subfield>
<subfield code="e">rda</subfield>
</datafield>
<datafield ind1=" " ind2=" " tag="041">
<subfield code="a">ger</subfield>
</datafield>
<datafield ind1=" " ind2=" " tag="044">
<subfield code="c">XA-DE-BW</subfield>
</datafield>
<datafield ind1="0" ind2="4" tag="082">
<subfield code="8">3\u</subfield>
<subfield code="a">863.3</subfield>
<subfield code="q">DE-101</subfield>
<subfield code="2">23/ger</subfield>
</datafield>
<datafield ind1="7" ind2=" " tag="083">
<subfield code="8">4\p</subfield>
<subfield code="a">860</subfield>
<subfield code="q">DE-101</subfield>
<subfield code="2">23sdnb</subfield>
</datafield>
<datafield ind1=" " ind2=" " tag="085">
<subfield code="8">3\u</subfield>
<subfield code="b">863</subfield>
</datafield>
<datafield ind1=" " ind2=" " tag="090">
<subfield code="a">b</subfield>
</datafield>
<datafield ind1="1" ind2=" " tag="100">
<subfield code="8">1\p</subfield>
<subfield code="0">(DE-588)1181826888</subfield>
<subfield code="0">https://d-nb.info/gnd/1181826888</subfield>
<subfield code="0">(DE-101)1181826888</subfield>
<subfield code="a">Frenz, Dietmar</subfield>
<subfield code="e">Verfasser</subfield>
<subfield code="4">aut</subfield>
<subfield code="2">gnd</subfield>
</datafield>
<datafield ind1="1" ind2="0" tag="245">
<subfield code="a">Isabels 'faldellín': ein infames Gerücht im Zentrum der Fehde zwischen Avellaneda und Cervantes</subfield>
<subfield code="c">Dietmar Frenz</subfield>
</datafield>
<datafield ind1=" " ind2=" " tag="250">
<subfield code="a">[1. Auflage]</subfield>
</datafield>
<datafield ind1=" " ind2=" " tag="259">
<subfield code="a">11</subfield>
</datafield>
<datafield ind1=" " ind2="1" tag="264">
<subfield code="a">Heidelberg</subfield>
<subfield code="b">Universitätsverlag Winter</subfield>
<subfield code="c">[2018]</subfield>
</datafield>
<datafield ind1=" " ind2=" " tag="300">
<subfield code="a">348 Seiten</subfield>
<subfield code="c">25 cm, 707 g</subfield>
</datafield>
<datafield ind1=" " ind2=" " tag="336">
<subfield code="a">Text</subfield>
<subfield code="b">txt</subfield>
<subfield code="2">rdacontent</subfield>
</datafield>
<datafield ind1=" " ind2=" " tag="337">
<subfield code="a">ohne Hilfsmittel zu benutzen</subfield>
<subfield code="b">n</subfield>
<subfield code="2">rdamedia</subfield>
</datafield>
<datafield ind1=" " ind2=" " tag="338">
<subfield code="a">Band</subfield>
<subfield code="b">nc</subfield>
<subfield code="2">rdacarrier</subfield>
</datafield>
<datafield ind1="1" ind2=" " tag="490">
<subfield code="a">Imagines</subfield>
<subfield code="v">Band 3</subfield>
</datafield>
<datafield ind1="1" ind2="7" tag="600">
<subfield code="0">(DE-588)4580842-9</subfield>
<subfield code="0">https://d-nb.info/gnd/4580842-9</subfield>
<subfield code="0">(DE-101)958488150</subfield>
<subfield code="a">Fernández de Avellaneda, Alonso</subfield>
<subfield code="t">Segundo tomo del ingenioso hidalgo Don Quijote de la Mancha</subfield>
<subfield code="9">rswk-swf</subfield>
<subfield code="2">gnd</subfield>
</datafield>
<datafield ind1="1" ind2="7" tag="600">
<subfield code="0">(DE-588)7522129-9</subfield>
<subfield code="0">https://d-nb.info/gnd/7522129-9</subfield>
<subfield code="0">(DE-101)979069971</subfield>
<subfield code="a">Cervantes Saavedra, Miguel de</subfield>
<subfield code="d">1547-1616</subfield>
<subfield code="t">Don Quijote</subfield>
<subfield code="n">2</subfield>
<subfield code="9">rswk-swf</subfield>
<subfield code="2">gnd</subfield>
</datafield>
<datafield ind1="1" ind2="7" tag="600">
<subfield code="0">(DE-588)118683357</subfield>
<subfield code="0">https://d-nb.info/gnd/118683357</subfield>
<subfield code="0">(DE-101)118683357</subfield>
<subfield code="a">Fernández de Avellaneda, Alonso</subfield>
<subfield code="9">rswk-swf</subfield>
<subfield code="2">gnd</subfield>
</datafield>
<datafield ind1="1" ind2="7" tag="600">
<subfield code="0">(DE-588)11851993X</subfield>
<subfield code="0">https://d-nb.info/gnd/11851993X</subfield>
<subfield code="0">(DE-101)11851993X</subfield>
<subfield code="a">Cervantes Saavedra, Miguel de</subfield>
<subfield code="d">1547-1616</subfield>
<subfield code="9">rswk-swf</subfield>
<subfield code="2">gnd</subfield>
</datafield>
<datafield ind1=" " ind2="7" tag="650">
<subfield code="0">(DE-588)4153827-4</subfield>
<subfield code="0">https://d-nb.info/gnd/4153827-4</subfield>
<subfield code="0">(DE-101)041538277</subfield>
<subfield code="a">Fehde</subfield>
<subfield code="9">rswk-swf</subfield>
<subfield code="2">gnd</subfield>
</datafield>
<datafield ind1=" " ind2=" " tag="653">
<subfield code="a">(Produktform)Hardback</subfield>
</datafield>
<datafield ind1=" " ind2=" " tag="653">
<subfield code="a">(VLB-WN)1566: Hardcover, Softcover / Sprachwissenschaft, Literaturwissenschaft/Romanische Sprachwissenschaft, Literaturwissenschaft</subfield>
</datafield>
<datafield ind1="0" ind2="0" tag="689">
<subfield code="0">(DE-588)4580842-9</subfield>
<subfield code="0">https://d-nb.info/gnd/4580842-9</subfield>
<subfield code="0">(DE-101)958488150</subfield>
<subfield code="D">p</subfield>
<subfield code="a">Fernández de Avellaneda, Alonso</subfield>
<subfield code="t">Segundo tomo del ingenioso hidalgo Don Quijote de la Mancha</subfield>
</datafield>
<datafield ind1="0" ind2="1" tag="689">
<subfield code="0">(DE-588)7522129-9</subfield>
<subfield code="0">https://d-nb.info/gnd/7522129-9</subfield>
<subfield code="0">(DE-101)979069971</subfield>
<subfield code="D">p</subfield>
<subfield code="a">Cervantes Saavedra, Miguel de</subfield>
<subfield code="d">1547-1616</subfield>
<subfield code="t">Don Quijote</subfield>
<subfield code="n">2</subfield>
</datafield>
<datafield ind1="0" ind2=" " tag="689">
<subfield code="5">DE-101</subfield>
<subfield code="5">DE-101</subfield>
</datafield>
<datafield ind1="1" ind2="0" tag="689">
<subfield code="0">(DE-588)118683357</subfield>
<subfield code="0">https://d-nb.info/gnd/118683357</subfield>
<subfield code="0">(DE-101)118683357</subfield>
<subfield code="D">p</subfield>
<subfield code="a">Fernández de Avellaneda, Alonso</subfield>
</datafield>
<datafield ind1="1" ind2="1" tag="689">
<subfield code="0">(DE-588)4153827-4</subfield>
<subfield code="0">https://d-nb.info/gnd/4153827-4</subfield>
<subfield code="0">(DE-101)041538277</subfield>
<subfield code="D">s</subfield>
<subfield code="a">Fehde</subfield>
</datafield>
<datafield ind1="1" ind2="2" tag="689">
<subfield code="0">(DE-588)11851993X</subfield>
<subfield code="0">https://d-nb.info/gnd/11851993X</subfield>
<subfield code="0">(DE-101)11851993X</subfield>
<subfield code="D">p</subfield>
<subfield code="a">Cervantes Saavedra, Miguel de</subfield>
<subfield code="d">1547-1616</subfield>
</datafield>
<datafield ind1="1" ind2=" " tag="689">
<subfield code="5">DE-101</subfield>
<subfield code="5">DE-101</subfield>
</datafield>
<datafield ind1="2" ind2=" " tag="710">
<subfield code="8">2\p</subfield>
<subfield code="0">(DE-588)2006799-9</subfield>
<subfield code="0">https://d-nb.info/gnd/2006799-9</subfield>
<subfield code="0">(DE-101)00466857X</subfield>
<subfield code="a">Carl-Winter-Universitätsverlag</subfield>
<subfield code="e">Verlag</subfield>
<subfield code="4">pbl</subfield>
<subfield code="2">gnd</subfield>
</datafield>
<datafield ind1=" " ind2="0" tag="830">
<subfield code="a">Imagines</subfield>
<subfield code="v">Band 3</subfield>
<subfield code="w">(DE-101)985921854</subfield>
<subfield code="w">(DE-600)2390653-4</subfield>
<subfield code="9">13</subfield>
<subfield code="7">as</subfield>
</datafield>
<datafield ind1=" " ind2=" " tag="850">
<subfield code="a">DE-101a</subfield>
<subfield code="a">DE-101b</subfield>
</datafield>
<datafield ind1="4" ind2="2" tag="856">
<subfield code="m">X:MVB</subfield>
<subfield code="q">text/html</subfield>
<subfield code="u">http://deposit.dnb.de/cgi-bin/dokserv?id=f635925dd4374c219a3ecc02c545ad80&amp;prov=M&amp;dok_var=1&amp;dok_ext=htm</subfield>
<subfield code="3">Inhaltstext</subfield>
</datafield>
<datafield ind1="4" ind2="2" tag="856">
<subfield code="m">B:DE-101</subfield>
<subfield code="q">application/pdf</subfield>
<subfield code="u">https://d-nb.info/1165078910/04</subfield>
<subfield code="3">Inhaltsverzeichnis</subfield>
</datafield>
<datafield ind1=" " ind2=" " tag="883">
<subfield code="8">1\p</subfield>
<subfield code="a">cgwrk</subfield>
<subfield code="d">20210314</subfield>
<subfield code="q">DE-101</subfield>
<subfield code="u">https://d-nb.info/provenance/plan#cgwrk</subfield>
</datafield>
<datafield ind1="1" ind2=" " tag="883">
<subfield code="8">2\p</subfield>
<subfield code="a">adb</subfield>
<subfield code="d">20211003</subfield>
<subfield code="q">DE-101</subfield>
<subfield code="u">https://d-nb.info/provenance/plan#adb</subfield>
</datafield>
<datafield ind1="2" ind2=" " tag="883">
<subfield code="8">4\p</subfield>
<subfield code="a">dnb</subfield>
<subfield code="d">20190409</subfield>
<subfield code="q">DE-101</subfield>
<subfield code="u">https://d-nb.info/provenance/plan#dnb</subfield>
</datafield>
<datafield ind1="r" ind2=" " tag="925">
<subfield code="a">ra</subfield>
</datafield>
<datafield ind1="2" ind2=" " tag="926">
<subfield code="a">2ADS</subfield>
<subfield code="o">95</subfield>
<subfield code="q">Publisher</subfield>
<subfield code="v">1.2</subfield>
<subfield code="x">Spanisch</subfield>
</datafield>
<datafield ind1="2" ind2=" " tag="926">
<subfield code="a">3MG</subfield>
<subfield code="o">96</subfield>
<subfield code="q">Publisher</subfield>
<subfield code="v">1.2</subfield>
<subfield code="x">17. Jahrhundert (1600 bis 1699 n. Chr.)</subfield>
</datafield>
<datafield ind1="2" ind2=" " tag="926">
<subfield code="a">DSK</subfield>
<subfield code="o">93</subfield>
<subfield code="q">Publisher</subfield>
<subfield code="v">1.2</subfield>
<subfield code="x">Literaturwissenschaft: Prosa, Erzählung, Roman, Autoren</subfield>
</datafield>
</record>