<record type="Bibliographic" xmlns="http://www.loc.gov/MARC21/slim">
<leader>00000pam a2200000 c 4500</leader>
<controlfield tag="001">1130272427</controlfield>
<controlfield tag="003">DE-101</controlfield>
<controlfield tag="005">20190905223012.0</controlfield>
<controlfield tag="007">tu</controlfield>
<controlfield tag="008">170419s2017    gw ||||| |||| 00||||ger  </controlfield>
<datafield ind1=" " ind2=" " tag="015">
<subfield code="a">19,A37</subfield>
<subfield code="z">17,N17</subfield>
<subfield code="2">dnb</subfield>
</datafield>
<datafield ind1="7" ind2=" " tag="016">
<subfield code="2">DE-101</subfield>
<subfield code="a">1130272427</subfield>
</datafield>
<datafield ind1=" " ind2=" " tag="020">
<subfield code="a">9783828839519</subfield>
<subfield code="c">Broschur : EUR 24.95 (DE), EUR 24.95 (AT)</subfield>
<subfield code="9">978-3-8288-3951-9</subfield>
</datafield>
<datafield ind1=" " ind2=" " tag="020">
<subfield code="a">3828839517</subfield>
<subfield code="9">3-8288-3951-7</subfield>
</datafield>
<datafield ind1="3" ind2=" " tag="024">
<subfield code="a">9783828839519</subfield>
</datafield>
<datafield ind1=" " ind2=" " tag="035">
<subfield code="a">(DE-599)DNB1130272427</subfield>
</datafield>
<datafield ind1=" " ind2=" " tag="035">
<subfield code="a">(OCoLC)984754429</subfield>
</datafield>
<datafield ind1=" " ind2=" " tag="040">
<subfield code="a">1245</subfield>
<subfield code="b">ger</subfield>
<subfield code="c">DE-101</subfield>
<subfield code="d">9999</subfield>
<subfield code="e">rda</subfield>
</datafield>
<datafield ind1=" " ind2=" " tag="041">
<subfield code="a">ger</subfield>
</datafield>
<datafield ind1=" " ind2=" " tag="044">
<subfield code="c">XA-DE</subfield>
</datafield>
<datafield ind1="0" ind2="4" tag="082">
<subfield code="8">2\u</subfield>
<subfield code="a">943.8022</subfield>
<subfield code="q">DE-101</subfield>
<subfield code="2">23/ger</subfield>
</datafield>
<datafield ind1="7" ind2=" " tag="083">
<subfield code="8">3\p</subfield>
<subfield code="a">940</subfield>
<subfield code="q">DE-101</subfield>
<subfield code="2">23sdnb</subfield>
</datafield>
<datafield ind1=" " ind2=" " tag="085">
<subfield code="8">2\u</subfield>
<subfield code="b">943.8022</subfield>
</datafield>
<datafield ind1=" " ind2=" " tag="090">
<subfield code="a">b</subfield>
</datafield>
<datafield ind1="1" ind2=" " tag="100">
<subfield code="0">(DE-588)1060520109</subfield>
<subfield code="0">https://d-nb.info/gnd/1060520109</subfield>
<subfield code="0">(DE-101)1060520109</subfield>
<subfield code="a">Igelbrink, Christian</subfield>
<subfield code="d">1981-</subfield>
<subfield code="e">Verfasser</subfield>
<subfield code="4">aut</subfield>
<subfield code="2">gnd</subfield>
</datafield>
<datafield ind1="1" ind2="0" tag="245">
<subfield code="a">Freundschaft, Herrschaft, Fehde</subfield>
<subfield code="b">die Beziehungen Mieszkos I. von Polen zu den ottonischen Königen und den Großen des Reiches</subfield>
<subfield code="c">Christian Igelbrink</subfield>
</datafield>
<datafield ind1=" " ind2="1" tag="264">
<subfield code="a">Baden-Baden</subfield>
<subfield code="b">Tectum Verlag</subfield>
<subfield code="c">[2017]</subfield>
</datafield>
<datafield ind1=" " ind2=" " tag="300">
<subfield code="a">109 Seiten</subfield>
<subfield code="c">21 cm</subfield>
</datafield>
<datafield ind1=" " ind2=" " tag="336">
<subfield code="a">Text</subfield>
<subfield code="b">txt</subfield>
<subfield code="2">rdacontent</subfield>
</datafield>
<datafield ind1=" " ind2=" " tag="337">
<subfield code="a">ohne Hilfsmittel zu benutzen</subfield>
<subfield code="b">n</subfield>
<subfield code="2">rdamedia</subfield>
</datafield>
<datafield ind1=" " ind2=" " tag="338">
<subfield code="a">Band</subfield>
<subfield code="b">nc</subfield>
<subfield code="2">rdacarrier</subfield>
</datafield>
<datafield ind1="0" ind2="7" tag="600">
<subfield code="0">(DE-588)119197804</subfield>
<subfield code="0">https://d-nb.info/gnd/119197804</subfield>
<subfield code="0">(DE-101)119197804</subfield>
<subfield code="a">Mieszko</subfield>
<subfield code="b">I.</subfield>
<subfield code="c">Polen, Herzog</subfield>
<subfield code="d">922-992</subfield>
<subfield code="9">rswk-swf</subfield>
<subfield code="2">gnd</subfield>
</datafield>
<datafield ind1=" " ind2="7" tag="648">
<subfield code="a">Geschichte 960-992</subfield>
<subfield code="9">rswk-swf</subfield>
<subfield code="2">gnd</subfield>
</datafield>
<datafield ind1=" " ind2="7" tag="650">
<subfield code="0">(DE-588)4024596-2</subfield>
<subfield code="0">https://d-nb.info/gnd/4024596-2</subfield>
<subfield code="0">(DE-101)040245969</subfield>
<subfield code="a">Herrschaft</subfield>
<subfield code="9">rswk-swf</subfield>
<subfield code="2">gnd</subfield>
</datafield>
<datafield ind1=" " ind2="7" tag="650">
<subfield code="0">(DE-588)4160079-4</subfield>
<subfield code="0">https://d-nb.info/gnd/4160079-4</subfield>
<subfield code="0">(DE-101)041600797</subfield>
<subfield code="a">Hochadel</subfield>
<subfield code="9">rswk-swf</subfield>
<subfield code="2">gnd</subfield>
</datafield>
<datafield ind1=" " ind2="7" tag="651">
<subfield code="0">(DE-588)4011882-4</subfield>
<subfield code="0">https://d-nb.info/gnd/4011882-4</subfield>
<subfield code="0">(DE-101)040118827</subfield>
<subfield code="a">Deutschland</subfield>
<subfield code="9">rswk-swf</subfield>
<subfield code="2">gnd</subfield>
</datafield>
<datafield ind1=" " ind2=" " tag="653">
<subfield code="a">(Produktform)Paperback / softback</subfield>
</datafield>
<datafield ind1=" " ind2=" " tag="653">
<subfield code="a">Geschichtsbildkritik</subfield>
</datafield>
<datafield ind1=" " ind2=" " tag="653">
<subfield code="a">Mediävistik</subfield>
</datafield>
<datafield ind1=" " ind2=" " tag="653">
<subfield code="a">Mieszko I.</subfield>
</datafield>
<datafield ind1=" " ind2=" " tag="653">
<subfield code="a">Mittelalter</subfield>
</datafield>
<datafield ind1=" " ind2=" " tag="653">
<subfield code="a">Otto II.</subfield>
</datafield>
<datafield ind1=" " ind2=" " tag="653">
<subfield code="a">Otto der Große</subfield>
</datafield>
<datafield ind1=" " ind2=" " tag="653">
<subfield code="a">Piasten</subfield>
</datafield>
<datafield ind1=" " ind2=" " tag="653">
<subfield code="a">Vormoderne Herrschaft</subfield>
</datafield>
<datafield ind1=" " ind2=" " tag="653">
<subfield code="a">symbolische Kommunikation</subfield>
</datafield>
<datafield ind1=" " ind2=" " tag="653">
<subfield code="a">(VLB-WN)1554: Hardcover, Softcover / Geschichte/Mittelalter</subfield>
</datafield>
<datafield ind1="0" ind2="0" tag="689">
<subfield code="0">(DE-588)119197804</subfield>
<subfield code="0">https://d-nb.info/gnd/119197804</subfield>
<subfield code="0">(DE-101)119197804</subfield>
<subfield code="D">p</subfield>
<subfield code="a">Mieszko</subfield>
<subfield code="b">I.</subfield>
<subfield code="c">Polen, Herzog</subfield>
<subfield code="d">922-992</subfield>
</datafield>
<datafield ind1="0" ind2="1" tag="689">
<subfield code="0">(DE-588)4024596-2</subfield>
<subfield code="0">https://d-nb.info/gnd/4024596-2</subfield>
<subfield code="0">(DE-101)040245969</subfield>
<subfield code="D">s</subfield>
<subfield code="a">Herrschaft</subfield>
</datafield>
<datafield ind1="0" ind2="2" tag="689">
<subfield code="0">(DE-588)4011882-4</subfield>
<subfield code="0">https://d-nb.info/gnd/4011882-4</subfield>
<subfield code="0">(DE-101)040118827</subfield>
<subfield code="D">g</subfield>
<subfield code="a">Deutschland</subfield>
</datafield>
<datafield ind1="0" ind2="3" tag="689">
<subfield code="0">(DE-588)4160079-4</subfield>
<subfield code="0">https://d-nb.info/gnd/4160079-4</subfield>
<subfield code="0">(DE-101)041600797</subfield>
<subfield code="D">s</subfield>
<subfield code="a">Hochadel</subfield>
</datafield>
<datafield ind1="0" ind2="4" tag="689">
<subfield code="A">z</subfield>
<subfield code="a">Geschichte 960-992</subfield>
</datafield>
<datafield ind1="0" ind2=" " tag="689">
<subfield code="5">DE-101</subfield>
<subfield code="5">DE-101</subfield>
</datafield>
<datafield ind1="2" ind2=" " tag="710">
<subfield code="8">1\p</subfield>
<subfield code="0">(DE-588)16099069-5</subfield>
<subfield code="0">https://d-nb.info/gnd/16099069-5</subfield>
<subfield code="0">(DE-101)1009846337</subfield>
<subfield code="a">Tectum Verlag</subfield>
<subfield code="e">Verlag</subfield>
<subfield code="4">pbl</subfield>
<subfield code="2">gnd</subfield>
</datafield>
<datafield ind1=" " ind2=" " tag="850">
<subfield code="a">DE-101a</subfield>
<subfield code="a">DE-101b</subfield>
</datafield>
<datafield ind1="4" ind2="2" tag="856">
<subfield code="m">B:DE-101</subfield>
<subfield code="q">application/pdf</subfield>
<subfield code="u">https://d-nb.info/1130272427/04</subfield>
<subfield code="3">Inhaltsverzeichnis</subfield>
</datafield>
<datafield ind1="1" ind2=" " tag="883">
<subfield code="8">1\p</subfield>
<subfield code="a">adb</subfield>
<subfield code="d">20211003</subfield>
<subfield code="q">DE-101</subfield>
<subfield code="u">https://d-nb.info/provenance/plan#adb</subfield>
</datafield>
<datafield ind1="2" ind2=" " tag="883">
<subfield code="8">3\p</subfield>
<subfield code="a">dnb</subfield>
<subfield code="d">20190905</subfield>
<subfield code="q">DE-101</subfield>
<subfield code="u">https://d-nb.info/provenance/plan#dnb</subfield>
</datafield>
<datafield ind1="r" ind2=" " tag="925">
<subfield code="a">ra</subfield>
</datafield>
<datafield ind1="1" ind2=" " tag="926">
<subfield code="a">NHD</subfield>
<subfield code="o">93</subfield>
<subfield code="q">Publisher</subfield>
<subfield code="v">1.2</subfield>
<subfield code="x">Europäische Geschichte</subfield>
</datafield>
<datafield ind1="2" ind2=" " tag="926">
<subfield code="a">2ACG</subfield>
<subfield code="o">95</subfield>
<subfield code="q">Publisher</subfield>
<subfield code="v">1.2</subfield>
<subfield code="x">Deutsch</subfield>
</datafield>
</record>