<record type="Bibliographic" xmlns="http://www.loc.gov/MARC21/slim">
<leader>00000naa a2200000 c 4500</leader>
<controlfield tag="001">1144905486</controlfield>
<controlfield tag="003">DE-101</controlfield>
<controlfield tag="005">20171120120709.0</controlfield>
<controlfield tag="007">tu</controlfield>
<controlfield tag="008">171120s2017    gw ||||| |||| 00||||ger  </controlfield>
<datafield ind1="7" ind2=" " tag="016">
<subfield code="2">DE-101</subfield>
<subfield code="a">1144905486</subfield>
</datafield>
<datafield ind1=" " ind2=" " tag="035">
<subfield code="a">(DE-599)DNB1144905486</subfield>
</datafield>
<datafield ind1=" " ind2=" " tag="035">
<subfield code="a">(OCoLC)1188327309</subfield>
</datafield>
<datafield ind1=" " ind2=" " tag="040">
<subfield code="a">1170</subfield>
<subfield code="b">ger</subfield>
<subfield code="c">DE-101</subfield>
<subfield code="d">1170</subfield>
<subfield code="e">rda</subfield>
</datafield>
<datafield ind1=" " ind2=" " tag="041">
<subfield code="a">ger</subfield>
</datafield>
<datafield ind1=" " ind2=" " tag="044">
<subfield code="c">XA-DE</subfield>
</datafield>
<datafield ind1="1" ind2=" " tag="100">
<subfield code="0">(DE-588)1077225857</subfield>
<subfield code="0">https://d-nb.info/gnd/1077225857</subfield>
<subfield code="0">(DE-101)1077225857</subfield>
<subfield code="a">Marquardt, Hans-Jochen</subfield>
<subfield code="d">1953-</subfield>
<subfield code="e">Verfasser</subfield>
<subfield code="4">aut</subfield>
<subfield code="2">gnd</subfield>
</datafield>
<datafield ind1="1" ind2="0" tag="245">
<subfield code="a">Über etwas, das Krug gesagt hat über etwas, das Müller gesagt hat über etwas, ...</subfield>
<subfield code="b">zu einer Leipziger Fehde im Jahr des 300jährigen Reformationsjubiläums 1817</subfield>
<subfield code="c">Hans-Jochen Marquardt</subfield>
</datafield>
<datafield ind1=" " ind2=" " tag="300">
<subfield code="b">Illustrationen</subfield>
</datafield>
<datafield ind1=" " ind2=" " tag="336">
<subfield code="a">Text</subfield>
<subfield code="b">txt</subfield>
<subfield code="2">rdacontent</subfield>
</datafield>
<datafield ind1=" " ind2=" " tag="337">
<subfield code="a">ohne Hilfsmittel zu benutzen</subfield>
<subfield code="b">n</subfield>
<subfield code="2">rdamedia</subfield>
</datafield>
<datafield ind1=" " ind2=" " tag="338">
<subfield code="a">Band</subfield>
<subfield code="b">nc</subfield>
<subfield code="2">rdacarrier</subfield>
</datafield>
<datafield ind1="0" ind2=" " tag="490">
<subfield code="a">Geschichte, Traditionen</subfield>
</datafield>
<datafield ind1="1" ind2="7" tag="600">
<subfield code="0">(DE-588)118584790</subfield>
<subfield code="0">https://d-nb.info/gnd/118584790</subfield>
<subfield code="0">(DE-101)118584790</subfield>
<subfield code="a">Müller, Adam Heinrich</subfield>
<subfield code="d">1779-1829</subfield>
<subfield code="9">rswk-swf</subfield>
<subfield code="2">gnd</subfield>
</datafield>
<datafield ind1="1" ind2="7" tag="600">
<subfield code="0">(DE-588)11884704X</subfield>
<subfield code="0">https://d-nb.info/gnd/11884704X</subfield>
<subfield code="0">(DE-101)11884704X</subfield>
<subfield code="a">Krug, Wilhelm Traugott</subfield>
<subfield code="d">1770-1842</subfield>
<subfield code="9">rswk-swf</subfield>
<subfield code="2">gnd</subfield>
</datafield>
<datafield ind1=" " ind2="7" tag="648">
<subfield code="a">Geschichte 1817</subfield>
<subfield code="9">rswk-swf</subfield>
<subfield code="2">gnd</subfield>
</datafield>
<datafield ind1=" " ind2="7" tag="650">
<subfield code="0">(DE-588)4035967-0</subfield>
<subfield code="0">https://d-nb.info/gnd/4035967-0</subfield>
<subfield code="0">(DE-101)040359670</subfield>
<subfield code="a">Literaturfehde</subfield>
<subfield code="9">rswk-swf</subfield>
<subfield code="2">gnd</subfield>
</datafield>
<datafield ind1=" " ind2="7" tag="651">
<subfield code="0">(DE-588)4035206-7</subfield>
<subfield code="0">https://d-nb.info/gnd/4035206-7</subfield>
<subfield code="0">(DE-101)040352064</subfield>
<subfield code="a">Leipzig</subfield>
<subfield code="9">rswk-swf</subfield>
<subfield code="2">gnd</subfield>
</datafield>
<datafield ind1="0" ind2="0" tag="689">
<subfield code="0">(DE-588)118584790</subfield>
<subfield code="0">https://d-nb.info/gnd/118584790</subfield>
<subfield code="0">(DE-101)118584790</subfield>
<subfield code="D">p</subfield>
<subfield code="a">Müller, Adam Heinrich</subfield>
<subfield code="d">1779-1829</subfield>
</datafield>
<datafield ind1="0" ind2="1" tag="689">
<subfield code="0">(DE-588)11884704X</subfield>
<subfield code="0">https://d-nb.info/gnd/11884704X</subfield>
<subfield code="0">(DE-101)11884704X</subfield>
<subfield code="D">p</subfield>
<subfield code="a">Krug, Wilhelm Traugott</subfield>
<subfield code="d">1770-1842</subfield>
</datafield>
<datafield ind1="0" ind2="2" tag="689">
<subfield code="0">(DE-588)4035206-7</subfield>
<subfield code="0">https://d-nb.info/gnd/4035206-7</subfield>
<subfield code="0">(DE-101)040352064</subfield>
<subfield code="D">g</subfield>
<subfield code="a">Leipzig</subfield>
</datafield>
<datafield ind1="0" ind2="3" tag="689">
<subfield code="0">(DE-588)4035967-0</subfield>
<subfield code="0">https://d-nb.info/gnd/4035967-0</subfield>
<subfield code="0">(DE-101)040359670</subfield>
<subfield code="D">s</subfield>
<subfield code="a">Literaturfehde</subfield>
</datafield>
<datafield ind1="0" ind2="4" tag="689">
<subfield code="A">z</subfield>
<subfield code="a">Geschichte 1817</subfield>
</datafield>
<datafield ind1="0" ind2=" " tag="689">
<subfield code="5">DE-101d</subfield>
<subfield code="5">DE-101d</subfield>
</datafield>
<datafield ind1="1" ind2="8" tag="773">
<subfield code="7">|||s</subfield>
<subfield code="g">number:70</subfield>
<subfield code="g">year:2017</subfield>
<subfield code="g">pages:13-[15]</subfield>
</datafield>
<datafield ind1="0" ind2="8" tag="773">
<subfield code="i">Enthalten in</subfield>
<subfield code="t">Leipziger Blätter</subfield>
<subfield code="d">Leipzig : Passage-Verl., 1982-</subfield>
<subfield code="g">Heft 70 (2017), 13-[15]</subfield>
<subfield code="w">(DE-600)88648-8</subfield>
<subfield code="w">(DE-101)010603581</subfield>
<subfield code="x">0232-7244</subfield>
</datafield>
</record>