<record type="Bibliographic" xmlns="http://www.loc.gov/MARC21/slim">
<leader>00000nam a2200000uc 4500</leader>
<controlfield tag="001">1135108145</controlfield>
<controlfield tag="003">DE-101</controlfield>
<controlfield tag="005">20170706175403.0</controlfield>
<controlfield tag="007">cr||||||||||||</controlfield>
<controlfield tag="008">170611s2016    gw |||||o|||| 00||||ger  </controlfield>
<datafield ind1=" " ind2=" " tag="015">
<subfield code="a">17,O07</subfield>
<subfield code="2">dnb</subfield>
</datafield>
<datafield ind1="7" ind2=" " tag="016">
<subfield code="2">DE-101</subfield>
<subfield code="a">1135108145</subfield>
</datafield>
<datafield ind1=" " ind2=" " tag="020">
<subfield code="a">9783955728250</subfield>
<subfield code="9">978-3-95572-825-0</subfield>
</datafield>
<datafield ind1="3" ind2=" " tag="024">
<subfield code="a">9783955728250</subfield>
</datafield>
<datafield ind1="7" ind2=" " tag="024">
<subfield code="2">urn</subfield>
<subfield code="a">urn:nbn:de:101:1-2017061113000</subfield>
</datafield>
<datafield ind1=" " ind2=" " tag="035">
<subfield code="a">(DE-599)DNB1135108145</subfield>
</datafield>
<datafield ind1=" " ind2=" " tag="035">
<subfield code="a">(OCoLC)993005904</subfield>
</datafield>
<datafield ind1=" " ind2=" " tag="040">
<subfield code="a">1240</subfield>
<subfield code="b">ger</subfield>
<subfield code="c">DE-101</subfield>
<subfield code="d">1240</subfield>
</datafield>
<datafield ind1=" " ind2=" " tag="041">
<subfield code="a">ger</subfield>
</datafield>
<datafield ind1=" " ind2=" " tag="044">
<subfield code="c">XA-DE-HH</subfield>
</datafield>
<datafield ind1="7" ind2="4" tag="082">
<subfield code="8">1\p</subfield>
<subfield code="a">830</subfield>
<subfield code="a">B</subfield>
<subfield code="q">DE-101</subfield>
<subfield code="2">23sdnb</subfield>
</datafield>
<datafield ind1="1" ind2=" " tag="100">
<subfield code="0">(DE-588)1031271163</subfield>
<subfield code="0">https://d-nb.info/gnd/1031271163</subfield>
<subfield code="0">(DE-101)1031271163</subfield>
<subfield code="a">Schwarz, Christian</subfield>
<subfield code="d">1960-</subfield>
<subfield code="e">Verfasser</subfield>
<subfield code="4">aut</subfield>
<subfield code="2">gnd</subfield>
</datafield>
<datafield ind1="1" ind2="0" tag="245">
<subfield code="a">Dorian Hunter - Die Fehde</subfield>
<subfield code="c">Christian Schwarz</subfield>
</datafield>
<datafield ind1=" " ind2="1" tag="264">
<subfield code="a">Hamburg</subfield>
<subfield code="b">Zaubermond Verlag (E-Book)</subfield>
<subfield code="c">2016</subfield>
</datafield>
<datafield ind1=" " ind2=" " tag="300">
<subfield code="a">Online-Ressourcen, 28 Seiten</subfield>
</datafield>
<datafield ind1=" " ind2=" " tag="336">
<subfield code="a">Text</subfield>
<subfield code="b">txt</subfield>
<subfield code="2">rdacontent</subfield>
</datafield>
<datafield ind1=" " ind2=" " tag="337">
<subfield code="a">Computermedien</subfield>
<subfield code="b">c</subfield>
<subfield code="2">rdamedia</subfield>
</datafield>
<datafield ind1=" " ind2=" " tag="338">
<subfield code="a">Online-Ressource</subfield>
<subfield code="b">cr</subfield>
<subfield code="2">rdacarrier</subfield>
</datafield>
<datafield ind1=" " ind2=" " tag="500">
<subfield code="a">Lizenzpflichtig</subfield>
</datafield>
<datafield ind1="1" ind2=" " tag="583">
<subfield code="a">Archivierung/Langzeitarchivierung gewährleistet</subfield>
<subfield code="5">DE-101</subfield>
<subfield code="2">pdager</subfield>
</datafield>
<datafield ind1=" " ind2=" " tag="653">
<subfield code="a">(Produktform)Electronic book text</subfield>
</datafield>
<datafield ind1=" " ind2=" " tag="653">
<subfield code="a">(Zielgruppe)ab 13 Jahre</subfield>
</datafield>
<datafield ind1=" " ind2=" " tag="653">
<subfield code="a">(BISAC Subject Heading)FIC015000</subfield>
</datafield>
<datafield ind1=" " ind2=" " tag="653">
<subfield code="a">Dämonenkiller</subfield>
</datafield>
<datafield ind1=" " ind2=" " tag="653">
<subfield code="a">Dorian Hunter</subfield>
</datafield>
<datafield ind1=" " ind2=" " tag="653">
<subfield code="a">Horror</subfield>
</datafield>
<datafield ind1=" " ind2=" " tag="653">
<subfield code="a">Mystery</subfield>
</datafield>
<datafield ind1=" " ind2=" " tag="653">
<subfield code="a">Hexen</subfield>
</datafield>
<datafield ind1=" " ind2=" " tag="653">
<subfield code="a">Geisterjäger</subfield>
</datafield>
<datafield ind1=" " ind2=" " tag="653">
<subfield code="a">Grusel</subfield>
</datafield>
<datafield ind1=" " ind2=" " tag="653">
<subfield code="a">Weihnachten</subfield>
</datafield>
<datafield ind1=" " ind2=" " tag="653">
<subfield code="a">Advent</subfield>
</datafield>
<datafield ind1=" " ind2=" " tag="653">
<subfield code="a">(VLB-WN)9123</subfield>
</datafield>
<datafield ind1=" " ind2="7" tag="655">
<subfield code="0">(DE-101)1010879561</subfield>
<subfield code="a">Horror</subfield>
<subfield code="2">gatbeg</subfield>
</datafield>
<datafield ind1="0" ind2="8" tag="787">
<subfield code="i">Enthalten in</subfield>
<subfield code="z">9783955728205</subfield>
</datafield>
<datafield ind1=" " ind2=" " tag="850">
<subfield code="a">DE-101a</subfield>
<subfield code="a">DE-101b</subfield>
</datafield>
<datafield ind1="4" ind2="0" tag="856">
<subfield code="u">https://nbn-resolving.org/urn:nbn:de:101:1-2017061113000</subfield>
<subfield code="x">Resolving-System</subfield>
</datafield>
<datafield ind1=" " ind2="0" tag="856">
<subfield code="u">https://d-nb.info/1135108145/34</subfield>
<subfield code="x">Langzeitarchivierung Nationalbibliothek</subfield>
</datafield>
<datafield ind1="4" ind2=" " tag="856">
<subfield code="q">epub</subfield>
</datafield>
<datafield ind1="1" ind2=" " tag="883">
<subfield code="8">1\p</subfield>
<subfield code="a">onx</subfield>
<subfield code="d">20170611</subfield>
<subfield code="q">DE-101</subfield>
<subfield code="u">https://d-nb.info/provenance/plan#onx</subfield>
</datafield>
<datafield ind1="r" ind2=" " tag="925">
<subfield code="a">ro</subfield>
<subfield code="a">ra</subfield>
</datafield>
<datafield ind1="1" ind2=" " tag="926">
<subfield code="a">FK</subfield>
<subfield code="o">93</subfield>
<subfield code="v">1.0</subfield>
</datafield>
<datafield ind1=" " ind2=" " tag="927">
<subfield code="a">289144838</subfield>
</datafield>
</record>