<record type="Bibliographic" xmlns="http://www.loc.gov/MARC21/slim">
<leader>00000nam a2200000uc 4500</leader>
<controlfield tag="001">1074354869</controlfield>
<controlfield tag="003">DE-101</controlfield>
<controlfield tag="005">20171202115601.0</controlfield>
<controlfield tag="007">cr||||||||||||</controlfield>
<controlfield tag="008">150726s2015    gw |||||o|||| 00||||ger  </controlfield>
<datafield ind1=" " ind2=" " tag="015">
<subfield code="a">15,O08</subfield>
<subfield code="2">dnb</subfield>
</datafield>
<datafield ind1="7" ind2=" " tag="016">
<subfield code="2">DE-101</subfield>
<subfield code="a">1074354869</subfield>
</datafield>
<datafield ind1=" " ind2=" " tag="020">
<subfield code="a">9783641153069</subfield>
<subfield code="9">978-3-641-15306-9</subfield>
</datafield>
<datafield ind1="3" ind2=" " tag="024">
<subfield code="a">9783641153069</subfield>
</datafield>
<datafield ind1="7" ind2=" " tag="024">
<subfield code="2">urn</subfield>
<subfield code="a">urn:nbn:de:101:1-201507264270</subfield>
</datafield>
<datafield ind1=" " ind2=" " tag="035">
<subfield code="a">(DE-599)DNB1074354869</subfield>
</datafield>
<datafield ind1=" " ind2=" " tag="035">
<subfield code="a">(OCoLC)916121086</subfield>
</datafield>
<datafield ind1=" " ind2=" " tag="040">
<subfield code="a">1240</subfield>
<subfield code="b">ger</subfield>
<subfield code="c">DE-101</subfield>
<subfield code="d">9999</subfield>
</datafield>
<datafield ind1=" " ind2=" " tag="041">
<subfield code="a">ger</subfield>
<subfield code="h">eng</subfield>
</datafield>
<datafield ind1=" " ind2=" " tag="044">
<subfield code="c">XA-DE-BY</subfield>
</datafield>
<datafield ind1="7" ind2="4" tag="082">
<subfield code="8">1\p</subfield>
<subfield code="a">810</subfield>
<subfield code="a">B</subfield>
<subfield code="q">DE-101</subfield>
<subfield code="2">23sdnb</subfield>
</datafield>
<datafield ind1="1" ind2=" " tag="100">
<subfield code="0">(DE-588)137619448</subfield>
<subfield code="0">https://d-nb.info/gnd/137619448</subfield>
<subfield code="0">(DE-101)137619448</subfield>
<subfield code="a">Gortner, Christopher W.</subfield>
<subfield code="e">Verfasser</subfield>
<subfield code="4">aut</subfield>
<subfield code="2">gnd</subfield>
</datafield>
<datafield ind1="1" ind2="0" tag="245">
<subfield code="a">Die Tudor-Fehde</subfield>
<subfield code="b">Band 3 - Historischer Roman</subfield>
<subfield code="c">Christopher W. Gortner</subfield>
</datafield>
<datafield ind1=" " ind2="1" tag="264">
<subfield code="a">München</subfield>
<subfield code="b">Goldmann Verlag</subfield>
<subfield code="c">2015</subfield>
</datafield>
<datafield ind1=" " ind2=" " tag="300">
<subfield code="a">Online-Ressource</subfield>
</datafield>
<datafield ind1=" " ind2=" " tag="336">
<subfield code="a">Text</subfield>
<subfield code="b">txt</subfield>
<subfield code="2">rdacontent</subfield>
</datafield>
<datafield ind1=" " ind2=" " tag="337">
<subfield code="a">Computermedien</subfield>
<subfield code="b">c</subfield>
<subfield code="2">rdamedia</subfield>
</datafield>
<datafield ind1=" " ind2=" " tag="338">
<subfield code="a">Online-Ressource</subfield>
<subfield code="b">cr</subfield>
<subfield code="2">rdacarrier</subfield>
</datafield>
<datafield ind1=" " ind2=" " tag="500">
<subfield code="a">Lizenzpflichtig</subfield>
</datafield>
<datafield ind1="1" ind2=" " tag="583">
<subfield code="a">Archivierung/Langzeitarchivierung gewährleistet</subfield>
<subfield code="5">DE-101</subfield>
<subfield code="2">pdager</subfield>
</datafield>
<datafield ind1="0" ind2="7" tag="600">
<subfield code="0">(DE-588)118529870</subfield>
<subfield code="0">https://d-nb.info/gnd/118529870</subfield>
<subfield code="0">(DE-101)118529870</subfield>
<subfield code="a">Elisabeth</subfield>
<subfield code="b">I.</subfield>
<subfield code="c">England, Königin</subfield>
<subfield code="d">1533-1603</subfield>
<subfield code="9">rswk-swf</subfield>
<subfield code="2">gnd</subfield>
</datafield>
<datafield ind1=" " ind2="7" tag="648">
<subfield code="a">Geschichte 1553</subfield>
<subfield code="9">rswk-swf</subfield>
<subfield code="2">gnd</subfield>
</datafield>
<datafield ind1=" " ind2="7" tag="650">
<subfield code="0">(DE-588)4025453-7</subfield>
<subfield code="0">https://d-nb.info/gnd/4025453-7</subfield>
<subfield code="0">(DE-101)040254534</subfield>
<subfield code="a">Hof</subfield>
<subfield code="9">rswk-swf</subfield>
<subfield code="2">gnd</subfield>
</datafield>
<datafield ind1=" " ind2="7" tag="650">
<subfield code="0">(DE-588)4317743-8</subfield>
<subfield code="0">https://d-nb.info/gnd/4317743-8</subfield>
<subfield code="0">(DE-101)043177433</subfield>
<subfield code="a">Junger Mann</subfield>
<subfield code="9">rswk-swf</subfield>
<subfield code="2">gnd</subfield>
</datafield>
<datafield ind1=" " ind2="7" tag="650">
<subfield code="0">(DE-588)4182341-2</subfield>
<subfield code="0">https://d-nb.info/gnd/4182341-2</subfield>
<subfield code="0">(DE-101)041823419</subfield>
<subfield code="a">Spion</subfield>
<subfield code="9">rswk-swf</subfield>
<subfield code="2">gnd</subfield>
</datafield>
<datafield ind1=" " ind2="7" tag="651">
<subfield code="0">(DE-588)4074335-4</subfield>
<subfield code="0">https://d-nb.info/gnd/4074335-4</subfield>
<subfield code="0">(DE-101)040743357</subfield>
<subfield code="a">London</subfield>
<subfield code="9">rswk-swf</subfield>
<subfield code="2">gnd</subfield>
</datafield>
<datafield ind1=" " ind2=" " tag="653">
<subfield code="a">(Produktform)Electronic book text</subfield>
</datafield>
<datafield ind1=" " ind2=" " tag="653">
<subfield code="a">(BISAC Subject Heading)FIC014000</subfield>
</datafield>
<datafield ind1=" " ind2=" " tag="653">
<subfield code="a">(Produktgruppe)7510: Belletristik</subfield>
</datafield>
<datafield ind1=" " ind2=" " tag="653">
<subfield code="a">Elizabeth I.</subfield>
</datafield>
<datafield ind1=" " ind2=" " tag="653">
<subfield code="a">Spionage</subfield>
</datafield>
<datafield ind1=" " ind2=" " tag="653">
<subfield code="a">Intrigen</subfield>
</datafield>
<datafield ind1=" " ind2=" " tag="653">
<subfield code="a">Brendan Prescott</subfield>
</datafield>
<datafield ind1=" " ind2=" " tag="653">
<subfield code="a">London</subfield>
</datafield>
<datafield ind1=" " ind2=" " tag="653">
<subfield code="a">Mittelalter</subfield>
</datafield>
<datafield ind1=" " ind2=" " tag="653">
<subfield code="a">Spannung/Gefahr</subfield>
</datafield>
<datafield ind1=" " ind2=" " tag="653">
<subfield code="a">Historische Serie</subfield>
</datafield>
<datafield ind1=" " ind2=" " tag="653">
<subfield code="a">(VLB-WN)9113</subfield>
</datafield>
<datafield ind1=" " ind2=" " tag="653">
<subfield code="a">Elizabeth I., Spionage, Intrigen, Brendan Prescott, London, Mittelalter, Spannung/Gefahr, Historische Serie</subfield>
</datafield>
<datafield ind1=" " ind2="7" tag="655">
<subfield code="0">(DE-588)1071854844</subfield>
<subfield code="0">https://d-nb.info/gnd/1071854844</subfield>
<subfield code="0">(DE-101)1071854844</subfield>
<subfield code="a">Fiktionale Darstellung</subfield>
<subfield code="2">gnd-content</subfield>
</datafield>
<datafield ind1=" " ind2="7" tag="655">
<subfield code="a">Belletristische Darstellung</subfield>
<subfield code="9">rswk-swf</subfield>
<subfield code="2">gnd</subfield>
</datafield>
<datafield ind1=" " ind2="7" tag="655">
<subfield code="0">(DE-101)1010836978</subfield>
<subfield code="a">Historische Romane und Erzählungen</subfield>
<subfield code="2">gatbeg</subfield>
</datafield>
<datafield ind1="0" ind2="0" tag="689">
<subfield code="0">(DE-588)4074335-4</subfield>
<subfield code="0">https://d-nb.info/gnd/4074335-4</subfield>
<subfield code="0">(DE-101)040743357</subfield>
<subfield code="D">g</subfield>
<subfield code="a">London</subfield>
</datafield>
<datafield ind1="0" ind2="1" tag="689">
<subfield code="0">(DE-588)4025453-7</subfield>
<subfield code="0">https://d-nb.info/gnd/4025453-7</subfield>
<subfield code="0">(DE-101)040254534</subfield>
<subfield code="D">s</subfield>
<subfield code="a">Hof</subfield>
</datafield>
<datafield ind1="0" ind2="2" tag="689">
<subfield code="0">(DE-588)4317743-8</subfield>
<subfield code="0">https://d-nb.info/gnd/4317743-8</subfield>
<subfield code="0">(DE-101)043177433</subfield>
<subfield code="D">s</subfield>
<subfield code="a">Junger Mann</subfield>
</datafield>
<datafield ind1="0" ind2="3" tag="689">
<subfield code="0">(DE-588)4182341-2</subfield>
<subfield code="0">https://d-nb.info/gnd/4182341-2</subfield>
<subfield code="0">(DE-101)041823419</subfield>
<subfield code="D">s</subfield>
<subfield code="a">Spion</subfield>
</datafield>
<datafield ind1="0" ind2="4" tag="689">
<subfield code="0">(DE-588)118529870</subfield>
<subfield code="0">https://d-nb.info/gnd/118529870</subfield>
<subfield code="0">(DE-101)118529870</subfield>
<subfield code="D">p</subfield>
<subfield code="a">Elisabeth</subfield>
<subfield code="b">I.</subfield>
<subfield code="c">England, Königin</subfield>
<subfield code="d">1533-1603</subfield>
</datafield>
<datafield ind1="0" ind2="5" tag="689">
<subfield code="A">z</subfield>
<subfield code="a">Geschichte 1553</subfield>
</datafield>
<datafield ind1="0" ind2="6" tag="689">
<subfield code="A">f</subfield>
<subfield code="a">Belletristische Darstellung</subfield>
</datafield>
<datafield ind1="0" ind2=" " tag="689">
<subfield code="5">DE-101</subfield>
<subfield code="5">DE-101</subfield>
</datafield>
<datafield ind1="1" ind2=" " tag="700">
<subfield code="0">(DE-588)113858671</subfield>
<subfield code="0">https://d-nb.info/gnd/113858671</subfield>
<subfield code="0">(DE-101)113858671</subfield>
<subfield code="a">Pfaffinger, Peter</subfield>
<subfield code="e">Übersetzer</subfield>
<subfield code="4">trl</subfield>
<subfield code="2">gnd</subfield>
</datafield>
<datafield ind1="1" ind2="2" tag="700">
<subfield code="a">Gortner, Christopher W.</subfield>
<subfield code="2">gnd</subfield>
<subfield code="t">The Tudor Vendetta</subfield>
<subfield code="g">dt.</subfield>
</datafield>
<datafield ind1="0" ind2="8" tag="776">
<subfield code="i">Erscheint auch als</subfield>
<subfield code="n">Druck-Ausgabe</subfield>
<subfield code="z">9783442482795</subfield>
</datafield>
<datafield ind1="0" ind2="8" tag="776">
<subfield code="i">Erscheint auch als</subfield>
<subfield code="n">Druck-Ausgabe</subfield>
<subfield code="z">9783442482795</subfield>
</datafield>
<datafield ind1="0" ind2="8" tag="776">
<subfield code="i">Erscheint auch als</subfield>
<subfield code="n">Druck-Ausgabe</subfield>
<subfield code="a">Gortner, Christopher W.</subfield>
<subfield code="t">Die Tudor-Fehde</subfield>
<subfield code="d">München : Goldmann, 2015</subfield>
<subfield code="h">376 S.</subfield>
<subfield code="w">(DE-101)1062649699</subfield>
<subfield code="b">Dt. Erstveröff., 1. Aufl.</subfield>
</datafield>
<datafield ind1=" " ind2=" " tag="850">
<subfield code="a">DE-101a</subfield>
<subfield code="a">DE-101b</subfield>
</datafield>
<datafield ind1="4" ind2="0" tag="856">
<subfield code="u">https://nbn-resolving.org/urn:nbn:de:101:1-201507264270</subfield>
<subfield code="x">Resolving-System</subfield>
</datafield>
<datafield ind1=" " ind2="0" tag="856">
<subfield code="u">https://d-nb.info/1074354869/34</subfield>
<subfield code="x">Langzeitarchivierung Nationalbibliothek</subfield>
</datafield>
<datafield ind1="4" ind2=" " tag="856">
<subfield code="q">epub</subfield>
<subfield code="u">http://www.randomhouse.de/book/edition.jsp?isbn=9783641153069</subfield>
<subfield code="x">Verlag</subfield>
</datafield>
<datafield ind1="2" ind2=" " tag="883">
<subfield code="8">1\p</subfield>
<subfield code="a">dnb-pa</subfield>
<subfield code="d">20150727</subfield>
<subfield code="q">DE-101</subfield>
<subfield code="u">https://d-nb.info/provenance/plan#dnb-pa</subfield>
</datafield>
<datafield ind1="r" ind2=" " tag="925">
<subfield code="a">ro</subfield>
<subfield code="a">ra</subfield>
</datafield>
<datafield ind1=" " ind2=" " tag="927">
<subfield code="a">94142469</subfield>
</datafield>
</record>