<record type="Bibliographic" xmlns="http://www.loc.gov/MARC21/slim">
<leader>00000pam a2200000 c 4500</leader>
<controlfield tag="001">1077378254</controlfield>
<controlfield tag="003">DE-101</controlfield>
<controlfield tag="005">20170215105745.0</controlfield>
<controlfield tag="007">tu</controlfield>
<controlfield tag="008">151009s2015    gw ||||| |||| 00||||ger  </controlfield>
<datafield ind1=" " ind2=" " tag="015">
<subfield code="a">16,A03</subfield>
<subfield code="z">15,N42</subfield>
<subfield code="2">dnb</subfield>
</datafield>
<datafield ind1="7" ind2=" " tag="016">
<subfield code="2">DE-101</subfield>
<subfield code="a">1077378254</subfield>
</datafield>
<datafield ind1=" " ind2=" " tag="020">
<subfield code="a">9783946331025</subfield>
<subfield code="c">Broschur : EUR 11.30 (AT), EUR 10.99 (DE)</subfield>
<subfield code="9">978-3-946331-02-5</subfield>
</datafield>
<datafield ind1=" " ind2=" " tag="020">
<subfield code="a">3946331025</subfield>
<subfield code="9">3-946331-02-5</subfield>
</datafield>
<datafield ind1="3" ind2=" " tag="024">
<subfield code="a">9783946331025</subfield>
</datafield>
<datafield ind1=" " ind2=" " tag="035">
<subfield code="a">(DE-599)DNB1077378254</subfield>
</datafield>
<datafield ind1=" " ind2=" " tag="035">
<subfield code="a">(OCoLC)924809193</subfield>
</datafield>
<datafield ind1=" " ind2=" " tag="040">
<subfield code="a">1245</subfield>
<subfield code="b">ger</subfield>
<subfield code="c">DE-101</subfield>
<subfield code="d">1140</subfield>
<subfield code="e">rda</subfield>
</datafield>
<datafield ind1=" " ind2=" " tag="041">
<subfield code="a">ger</subfield>
</datafield>
<datafield ind1=" " ind2=" " tag="044">
<subfield code="c">XA-DE-NI</subfield>
</datafield>
<datafield ind1="0" ind2="4" tag="082">
<subfield code="8">7\u</subfield>
<subfield code="a">943.5954028</subfield>
<subfield code="q">DE-101</subfield>
<subfield code="2">22/ger</subfield>
</datafield>
<datafield ind1="7" ind2=" " tag="083">
<subfield code="a">943</subfield>
<subfield code="q">DE-101</subfield>
<subfield code="2">23sdnb</subfield>
</datafield>
<datafield ind1=" " ind2=" " tag="085">
<subfield code="8">7\u</subfield>
<subfield code="b">943.028</subfield>
</datafield>
<datafield ind1=" " ind2=" " tag="085">
<subfield code="8">7\u</subfield>
<subfield code="z">2</subfield>
<subfield code="s">435954</subfield>
</datafield>
<datafield ind1=" " ind2=" " tag="090">
<subfield code="a">b</subfield>
</datafield>
<datafield ind1="1" ind2=" " tag="100">
<subfield code="8">1\p</subfield>
<subfield code="a">Weste, Anton</subfield>
<subfield code="e">Verfasser</subfield>
<subfield code="4">aut</subfield>
</datafield>
<datafield ind1="1" ind2="0" tag="245">
<subfield code="a">Heinrich der Ältere im Konflikt mit der Stadt Hannover</subfield>
<subfield code="b">Fehde als Instrument fürstlicher Territorialpolitik am Ausgang des Mittelalters</subfield>
<subfield code="c">Anton Weste</subfield>
</datafield>
<datafield ind1=" " ind2="1" tag="264">
<subfield code="a">Hannover</subfield>
<subfield code="b">scius</subfield>
<subfield code="c">[2015?]</subfield>
</datafield>
<datafield ind1=" " ind2=" " tag="300">
<subfield code="a">172 Seiten</subfield>
<subfield code="b">Illustrationen</subfield>
<subfield code="c">22 cm</subfield>
</datafield>
<datafield ind1=" " ind2=" " tag="336">
<subfield code="a">Text</subfield>
<subfield code="b">txt</subfield>
<subfield code="2">rdacontent</subfield>
</datafield>
<datafield ind1=" " ind2=" " tag="337">
<subfield code="a">ohne Hilfsmittel zu benutzen</subfield>
<subfield code="b">n</subfield>
<subfield code="2">rdamedia</subfield>
</datafield>
<datafield ind1=" " ind2=" " tag="338">
<subfield code="a">Band</subfield>
<subfield code="b">nc</subfield>
<subfield code="2">rdacarrier</subfield>
</datafield>
<datafield ind1="0" ind2="7" tag="600">
<subfield code="0">(DE-588)137976259</subfield>
<subfield code="0">https://d-nb.info/gnd/137976259</subfield>
<subfield code="0">(DE-101)137976259</subfield>
<subfield code="a">Heinrich</subfield>
<subfield code="c">Braunschweig-Lüneburg-Wolfenbüttel, Herzog</subfield>
<subfield code="d">1463-1514</subfield>
<subfield code="9">rswk-swf</subfield>
<subfield code="2">gnd</subfield>
</datafield>
<datafield ind1=" " ind2="7" tag="648">
<subfield code="a">Geschichte 1490-1491</subfield>
<subfield code="9">rswk-swf</subfield>
<subfield code="2">gnd</subfield>
</datafield>
<datafield ind1=" " ind2="7" tag="650">
<subfield code="0">(DE-588)4153827-4</subfield>
<subfield code="0">https://d-nb.info/gnd/4153827-4</subfield>
<subfield code="0">(DE-101)041538277</subfield>
<subfield code="a">Fehde</subfield>
<subfield code="9">rswk-swf</subfield>
<subfield code="2">gnd</subfield>
</datafield>
<datafield ind1=" " ind2="7" tag="651">
<subfield code="0">(DE-588)4023349-2</subfield>
<subfield code="0">https://d-nb.info/gnd/4023349-2</subfield>
<subfield code="0">(DE-101)040233499</subfield>
<subfield code="a">Hannover</subfield>
<subfield code="9">rswk-swf</subfield>
<subfield code="2">gnd</subfield>
</datafield>
<datafield ind1=" " ind2="7" tag="651">
<subfield code="8">2\p</subfield>
<subfield code="0">(DE-588)4023352-2</subfield>
<subfield code="0">https://d-nb.info/gnd/4023352-2</subfield>
<subfield code="0">(DE-101)040233529</subfield>
<subfield code="a">Landkreis Hannover</subfield>
<subfield code="2">gnd</subfield>
</datafield>
<datafield ind1=" " ind2="7" tag="651">
<subfield code="8">3\p</subfield>
<subfield code="0">(DE-588)4023358-3</subfield>
<subfield code="0">https://d-nb.info/gnd/4023358-3</subfield>
<subfield code="0">(DE-101)040233588</subfield>
<subfield code="a">Hannover</subfield>
<subfield code="9">z:Region</subfield>
<subfield code="2">gnd</subfield>
</datafield>
<datafield ind1=" " ind2="7" tag="651">
<subfield code="8">4\p</subfield>
<subfield code="0">(DE-588)4023349-2</subfield>
<subfield code="0">https://d-nb.info/gnd/4023349-2</subfield>
<subfield code="0">(DE-101)040233499</subfield>
<subfield code="a">Hannover</subfield>
<subfield code="2">gnd</subfield>
</datafield>
<datafield ind1=" " ind2="7" tag="651">
<subfield code="8">5\p</subfield>
<subfield code="0">(DE-588)4790573-6</subfield>
<subfield code="0">https://d-nb.info/gnd/4790573-6</subfield>
<subfield code="0">(DE-101)971996415</subfield>
<subfield code="a">Region Hannover</subfield>
<subfield code="2">gnd</subfield>
</datafield>
<datafield ind1=" " ind2="7" tag="651">
<subfield code="8">6\p</subfield>
<subfield code="0">(DE-588)1138589977</subfield>
<subfield code="0">https://d-nb.info/gnd/1138589977</subfield>
<subfield code="0">(DE-101)1138589977</subfield>
<subfield code="a">Otze</subfield>
<subfield code="2">gnd</subfield>
</datafield>
<datafield ind1=" " ind2=" " tag="653">
<subfield code="a">(Produktform)Paperback / softback</subfield>
</datafield>
<datafield ind1=" " ind2=" " tag="653">
<subfield code="a">DSA</subfield>
</datafield>
<datafield ind1=" " ind2=" " tag="653">
<subfield code="a">Hannover</subfield>
</datafield>
<datafield ind1=" " ind2=" " tag="653">
<subfield code="a">Mittelalter</subfield>
</datafield>
<datafield ind1=" " ind2=" " tag="653">
<subfield code="a">(VLB-WN)1510: Hardcover, Softcover / Geisteswissenschaften allgemein</subfield>
</datafield>
<datafield ind1="0" ind2="0" tag="689">
<subfield code="0">(DE-588)137976259</subfield>
<subfield code="0">https://d-nb.info/gnd/137976259</subfield>
<subfield code="0">(DE-101)137976259</subfield>
<subfield code="D">p</subfield>
<subfield code="a">Heinrich</subfield>
<subfield code="c">Braunschweig-Lüneburg-Wolfenbüttel, Herzog</subfield>
<subfield code="d">1463-1514</subfield>
</datafield>
<datafield ind1="0" ind2="1" tag="689">
<subfield code="0">(DE-588)4153827-4</subfield>
<subfield code="0">https://d-nb.info/gnd/4153827-4</subfield>
<subfield code="0">(DE-101)041538277</subfield>
<subfield code="D">s</subfield>
<subfield code="a">Fehde</subfield>
</datafield>
<datafield ind1="0" ind2="2" tag="689">
<subfield code="0">(DE-588)4023349-2</subfield>
<subfield code="0">https://d-nb.info/gnd/4023349-2</subfield>
<subfield code="0">(DE-101)040233499</subfield>
<subfield code="D">g</subfield>
<subfield code="a">Hannover</subfield>
</datafield>
<datafield ind1="0" ind2="3" tag="689">
<subfield code="A">z</subfield>
<subfield code="a">Geschichte 1490-1491</subfield>
</datafield>
<datafield ind1="0" ind2=" " tag="689">
<subfield code="5">DE-101</subfield>
<subfield code="5">DE-101</subfield>
</datafield>
<datafield ind1=" " ind2=" " tag="850">
<subfield code="a">DE-101a</subfield>
<subfield code="a">DE-101b</subfield>
</datafield>
<datafield ind1="4" ind2="2" tag="856">
<subfield code="m">B:DE-101</subfield>
<subfield code="q">application/pdf</subfield>
<subfield code="u">https://d-nb.info/1077378254/04</subfield>
<subfield code="3">Inhaltsverzeichnis</subfield>
</datafield>
<datafield ind1="2" ind2=" " tag="883">
<subfield code="8">1\p</subfield>
<subfield code="a">dnb</subfield>
<subfield code="d">20200611</subfield>
<subfield code="q">DE-101</subfield>
<subfield code="u">https://d-nb.info/provenance/plan#dnb</subfield>
</datafield>
<datafield ind1="1" ind2=" " tag="883">
<subfield code="8">2\p</subfield>
<subfield code="a">gndddc</subfield>
<subfield code="c">1</subfield>
<subfield code="d">20190525</subfield>
<subfield code="q">DE-101</subfield>
<subfield code="u">https://d-nb.info/provenance/plan#gndddc</subfield>
</datafield>
<datafield ind1="1" ind2=" " tag="883">
<subfield code="8">3\p</subfield>
<subfield code="a">gndddc</subfield>
<subfield code="c">1</subfield>
<subfield code="d">20190525</subfield>
<subfield code="q">DE-101</subfield>
<subfield code="u">https://d-nb.info/provenance/plan#gndddc</subfield>
</datafield>
<datafield ind1="1" ind2=" " tag="883">
<subfield code="8">4\p</subfield>
<subfield code="a">gndddc</subfield>
<subfield code="c">1</subfield>
<subfield code="d">20190525</subfield>
<subfield code="q">DE-101</subfield>
<subfield code="u">https://d-nb.info/provenance/plan#gndddc</subfield>
</datafield>
<datafield ind1="1" ind2=" " tag="883">
<subfield code="8">5\p</subfield>
<subfield code="a">gndddc</subfield>
<subfield code="c">1</subfield>
<subfield code="d">20190525</subfield>
<subfield code="q">DE-101</subfield>
<subfield code="u">https://d-nb.info/provenance/plan#gndddc</subfield>
</datafield>
<datafield ind1="1" ind2=" " tag="883">
<subfield code="8">6\p</subfield>
<subfield code="a">gndddc</subfield>
<subfield code="c">1</subfield>
<subfield code="d">20190525</subfield>
<subfield code="q">DE-101</subfield>
<subfield code="u">https://d-nb.info/provenance/plan#gndddc</subfield>
</datafield>
<datafield ind1="r" ind2=" " tag="925">
<subfield code="a">ra</subfield>
</datafield>
</record>