<record type="Bibliographic" xmlns="http://www.loc.gov/MARC21/slim">
<leader>00000pam a2200000 c 4500</leader>
<controlfield tag="001">1071665812</controlfield>
<controlfield tag="003">DE-101</controlfield>
<controlfield tag="005">20171202103425.0</controlfield>
<controlfield tag="007">tu</controlfield>
<controlfield tag="008">150528s2015    gw ||||| |||| 00||||ger  </controlfield>
<datafield ind1=" " ind2=" " tag="015">
<subfield code="a">15,A46</subfield>
<subfield code="z">15,N23</subfield>
<subfield code="2">dnb</subfield>
</datafield>
<datafield ind1="7" ind2=" " tag="016">
<subfield code="2">DE-101</subfield>
<subfield code="a">1071665812</subfield>
</datafield>
<datafield ind1=" " ind2=" " tag="020">
<subfield code="a">9783763027248</subfield>
<subfield code="c">Festeinband : EUR 29.99 (DE), EUR 30.90 (AT), sfr 37.50 (freier Pr.)</subfield>
<subfield code="9">978-3-7630-2724-8</subfield>
</datafield>
<datafield ind1="3" ind2=" " tag="024">
<subfield code="a">9783763027248</subfield>
</datafield>
<datafield ind1=" " ind2=" " tag="035">
<subfield code="a">(DE-599)DNB1071665812</subfield>
</datafield>
<datafield ind1=" " ind2=" " tag="035">
<subfield code="a">(OCoLC)910738767</subfield>
</datafield>
<datafield ind1=" " ind2=" " tag="040">
<subfield code="a">1245</subfield>
<subfield code="b">ger</subfield>
<subfield code="c">DE-101</subfield>
<subfield code="d">9999</subfield>
<subfield code="e">rda</subfield>
</datafield>
<datafield ind1=" " ind2=" " tag="041">
<subfield code="a">ger</subfield>
</datafield>
<datafield ind1=" " ind2=" " tag="044">
<subfield code="c">XA-DE-BW</subfield>
</datafield>
<datafield ind1="0" ind2="4" tag="082">
<subfield code="8">5\u</subfield>
<subfield code="a">943.46245</subfield>
<subfield code="q">DE-101</subfield>
<subfield code="2">22/ger</subfield>
</datafield>
<datafield ind1="7" ind2=" " tag="083">
<subfield code="a">943</subfield>
<subfield code="a">720</subfield>
<subfield code="q">DE-101</subfield>
<subfield code="2">23sdnb</subfield>
</datafield>
<datafield ind1=" " ind2=" " tag="085">
<subfield code="8">5\u</subfield>
<subfield code="b">943</subfield>
</datafield>
<datafield ind1=" " ind2=" " tag="085">
<subfield code="8">5\u</subfield>
<subfield code="z">2</subfield>
<subfield code="s">4346245</subfield>
</datafield>
<datafield ind1=" " ind2=" " tag="090">
<subfield code="a">b</subfield>
</datafield>
<datafield ind1="0" ind2="0" tag="245">
<subfield code="a">Krieg, Fehde, Belagerung</subfield>
<subfield code="b">die Geschichte der Burg Albeck bei Sulz am Neckar</subfield>
<subfield code="c">Casimir Bumiller mit Beiträgen von Dorothee Ade, Bertram Jenisch, Harald von der Osten-Woldenburg und Stefan Uhl</subfield>
</datafield>
<datafield ind1=" " ind2="4" tag="264">
<subfield code="c">© 2015</subfield>
</datafield>
<datafield ind1=" " ind2="1" tag="264">
<subfield code="a">Stuttgart</subfield>
<subfield code="b">Belser</subfield>
<subfield code="c">[2015]</subfield>
</datafield>
<datafield ind1=" " ind2=" " tag="300">
<subfield code="a">228 Seiten</subfield>
<subfield code="b">Illustrationen</subfield>
<subfield code="c">25 cm</subfield>
</datafield>
<datafield ind1=" " ind2=" " tag="336">
<subfield code="a">Text</subfield>
<subfield code="b">txt</subfield>
<subfield code="2">rdacontent</subfield>
</datafield>
<datafield ind1=" " ind2=" " tag="337">
<subfield code="a">ohne Hilfsmittel zu benutzen</subfield>
<subfield code="b">n</subfield>
<subfield code="2">rdamedia</subfield>
</datafield>
<datafield ind1=" " ind2=" " tag="338">
<subfield code="a">Band</subfield>
<subfield code="b">nc</subfield>
<subfield code="2">rdacarrier</subfield>
</datafield>
<datafield ind1=" " ind2="7" tag="648">
<subfield code="a">Geschichte</subfield>
<subfield code="9">rswk-swf</subfield>
<subfield code="2">gnd</subfield>
</datafield>
<datafield ind1=" " ind2="7" tag="651">
<subfield code="0">(DE-588)4812866-1</subfield>
<subfield code="0">https://d-nb.info/gnd/4812866-1</subfield>
<subfield code="0">(DE-101)97355097X</subfield>
<subfield code="a">Burg Albeck</subfield>
<subfield code="g">Sulz, Neckar</subfield>
<subfield code="9">rswk-swf</subfield>
<subfield code="2">gnd</subfield>
</datafield>
<datafield ind1=" " ind2="7" tag="651">
<subfield code="8">2\p</subfield>
<subfield code="0">(DE-588)4042952-0</subfield>
<subfield code="0">https://d-nb.info/gnd/4042952-0</subfield>
<subfield code="0">(DE-101)040429520</subfield>
<subfield code="a">Oberndorf am Neckar</subfield>
<subfield code="2">gnd</subfield>
</datafield>
<datafield ind1=" " ind2="7" tag="651">
<subfield code="8">3\p</subfield>
<subfield code="0">(DE-588)4050742-7</subfield>
<subfield code="0">https://d-nb.info/gnd/4050742-7</subfield>
<subfield code="0">(DE-101)040507424</subfield>
<subfield code="a">Rottweil</subfield>
<subfield code="2">gnd</subfield>
</datafield>
<datafield ind1=" " ind2="7" tag="651">
<subfield code="8">4\p</subfield>
<subfield code="0">(DE-588)4050743-9</subfield>
<subfield code="0">https://d-nb.info/gnd/4050743-9</subfield>
<subfield code="0">(DE-101)040507432</subfield>
<subfield code="a">Landkreis Rottweil</subfield>
<subfield code="2">gnd</subfield>
</datafield>
<datafield ind1=" " ind2=" " tag="653">
<subfield code="a">(Produktform)Book</subfield>
</datafield>
<datafield ind1=" " ind2=" " tag="653">
<subfield code="a">Sulz am Neckar</subfield>
</datafield>
<datafield ind1=" " ind2=" " tag="653">
<subfield code="a">Albeck</subfield>
</datafield>
<datafield ind1=" " ind2=" " tag="653">
<subfield code="a">Burg</subfield>
</datafield>
<datafield ind1=" " ind2=" " tag="653">
<subfield code="a">Baden-Württemberg</subfield>
</datafield>
<datafield ind1=" " ind2=" " tag="653">
<subfield code="a">(VLB-WN)1558: Hardcover, Softcover / Geschichte/Regionalgeschichte, Ländergeschichte</subfield>
</datafield>
<datafield ind1="0" ind2="0" tag="689">
<subfield code="0">(DE-588)4812866-1</subfield>
<subfield code="0">https://d-nb.info/gnd/4812866-1</subfield>
<subfield code="0">(DE-101)97355097X</subfield>
<subfield code="D">g</subfield>
<subfield code="a">Burg Albeck</subfield>
<subfield code="g">Sulz, Neckar</subfield>
</datafield>
<datafield ind1="0" ind2="1" tag="689">
<subfield code="A">z</subfield>
<subfield code="a">Geschichte</subfield>
</datafield>
<datafield ind1="0" ind2=" " tag="689">
<subfield code="5">DE-101</subfield>
<subfield code="5">DE-101</subfield>
</datafield>
<datafield ind1="2" ind2=" " tag="710">
<subfield code="8">1\p</subfield>
<subfield code="0">(DE-588)16079875-9</subfield>
<subfield code="0">https://d-nb.info/gnd/16079875-9</subfield>
<subfield code="0">(DE-101)1006338179</subfield>
<subfield code="a">Chr.-Belser-Gesellschaft für Verlagsgeschäfte</subfield>
<subfield code="e">Verlag</subfield>
<subfield code="4">pbl</subfield>
<subfield code="2">gnd</subfield>
</datafield>
<datafield ind1=" " ind2=" " tag="850">
<subfield code="a">DE-101a</subfield>
<subfield code="a">DE-101b</subfield>
</datafield>
<datafield ind1="4" ind2="2" tag="856">
<subfield code="m">B:DE-101</subfield>
<subfield code="q">application/pdf</subfield>
<subfield code="u">https://d-nb.info/1071665812/04</subfield>
<subfield code="3">Inhaltsverzeichnis</subfield>
</datafield>
<datafield ind1="4" ind2="2" tag="856">
<subfield code="m">X:MVB</subfield>
<subfield code="q">text/html</subfield>
<subfield code="u">http://deposit.dnb.de/cgi-bin/dokserv?id=5281326&amp;prov=M&amp;dok_var=1&amp;dok_ext=htm</subfield>
<subfield code="3">Inhaltstext</subfield>
</datafield>
<datafield ind1="1" ind2=" " tag="883">
<subfield code="8">1\p</subfield>
<subfield code="a">adb</subfield>
<subfield code="d">20211002</subfield>
<subfield code="q">DE-101</subfield>
<subfield code="u">https://d-nb.info/provenance/plan#adb</subfield>
</datafield>
<datafield ind1="1" ind2=" " tag="883">
<subfield code="8">2\p</subfield>
<subfield code="a">gndddc</subfield>
<subfield code="c">1</subfield>
<subfield code="d">20190525</subfield>
<subfield code="q">DE-101</subfield>
<subfield code="u">https://d-nb.info/provenance/plan#gndddc</subfield>
</datafield>
<datafield ind1="1" ind2=" " tag="883">
<subfield code="8">3\p</subfield>
<subfield code="a">gndddc</subfield>
<subfield code="c">1</subfield>
<subfield code="d">20190525</subfield>
<subfield code="q">DE-101</subfield>
<subfield code="u">https://d-nb.info/provenance/plan#gndddc</subfield>
</datafield>
<datafield ind1="1" ind2=" " tag="883">
<subfield code="8">4\p</subfield>
<subfield code="a">gndddc</subfield>
<subfield code="c">1</subfield>
<subfield code="d">20190525</subfield>
<subfield code="q">DE-101</subfield>
<subfield code="u">https://d-nb.info/provenance/plan#gndddc</subfield>
</datafield>
<datafield ind1="r" ind2=" " tag="925">
<subfield code="a">ra</subfield>
</datafield>
<datafield ind1="1" ind2=" " tag="926">
<subfield code="a">NHT</subfield>
<subfield code="o">93</subfield>
<subfield code="q">WGSneuMapping</subfield>
<subfield code="v">1.0</subfield>
<subfield code="x">Geschichte: Ereignisse und Themen</subfield>
</datafield>
</record>