<record type="Bibliographic" xmlns="http://www.loc.gov/MARC21/slim">
<leader>00000nam a2200000 c 4500</leader>
<controlfield tag="001">1126044091</controlfield>
<controlfield tag="003">DE-101</controlfield>
<controlfield tag="005">20200122130800.0</controlfield>
<controlfield tag="007">tu</controlfield>
<controlfield tag="008">170222s2014    gw ||||| |||| 00||||ger  </controlfield>
<datafield ind1="7" ind2=" " tag="016">
<subfield code="2">DE-101</subfield>
<subfield code="a">1126044091</subfield>
</datafield>
<datafield ind1=" " ind2=" " tag="020">
<subfield code="a">9781503280748</subfield>
<subfield code="c">Broschur</subfield>
<subfield code="9">978-1-503280-74-8</subfield>
</datafield>
<datafield ind1=" " ind2=" " tag="035">
<subfield code="a">(DE-599)DNB1126044091</subfield>
</datafield>
<datafield ind1=" " ind2=" " tag="035">
<subfield code="a">(OCoLC)1188250402</subfield>
</datafield>
<datafield ind1=" " ind2=" " tag="040">
<subfield code="a">1139</subfield>
<subfield code="b">ger</subfield>
<subfield code="c">DE-101</subfield>
<subfield code="d">1150</subfield>
<subfield code="e">rda</subfield>
</datafield>
<datafield ind1=" " ind2=" " tag="041">
<subfield code="a">ger</subfield>
</datafield>
<datafield ind1=" " ind2=" " tag="044">
<subfield code="c">XA-DE-MV</subfield>
</datafield>
<datafield ind1="7" ind2="4" tag="082">
<subfield code="8">1\p</subfield>
<subfield code="a">830</subfield>
<subfield code="a">B</subfield>
<subfield code="q">DE-101</subfield>
<subfield code="2">23sdnb</subfield>
</datafield>
<datafield ind1=" " ind2=" " tag="090">
<subfield code="a">b</subfield>
</datafield>
<datafield ind1="1" ind2=" " tag="100">
<subfield code="0">(DE-588)133437353</subfield>
<subfield code="0">https://d-nb.info/gnd/133437353</subfield>
<subfield code="0">(DE-101)133437353</subfield>
<subfield code="a">Bethke, Corinna</subfield>
<subfield code="d">1963-</subfield>
<subfield code="e">Verfasser</subfield>
<subfield code="4">aut</subfield>
<subfield code="2">gnd</subfield>
</datafield>
<datafield ind1="1" ind2="0" tag="245">
<subfield code="a">Bis vor den Richterstuhl Gottes</subfield>
<subfield code="b">die Fehde des Hans Kohlhase : Roman</subfield>
<subfield code="c">Corinna Bethke</subfield>
</datafield>
<datafield ind1=" " ind2=" " tag="250">
<subfield code="a">2. Auflage, Taschenbuchausgabe</subfield>
</datafield>
<datafield ind1=" " ind2=" " tag="259">
<subfield code="a">12</subfield>
</datafield>
<datafield ind1=" " ind2="1" tag="264">
<subfield code="a">Ludwigslust</subfield>
<subfield code="b">Corinna Bethke</subfield>
<subfield code="c">[2014]</subfield>
</datafield>
<datafield ind1=" " ind2=" " tag="300">
<subfield code="a">VI, 349 Seiten</subfield>
<subfield code="c">24 cm</subfield>
</datafield>
<datafield ind1=" " ind2=" " tag="336">
<subfield code="a">Text</subfield>
<subfield code="b">txt</subfield>
<subfield code="2">rdacontent</subfield>
</datafield>
<datafield ind1=" " ind2=" " tag="337">
<subfield code="a">ohne Hilfsmittel zu benutzen</subfield>
<subfield code="b">n</subfield>
<subfield code="2">rdamedia</subfield>
</datafield>
<datafield ind1=" " ind2=" " tag="338">
<subfield code="a">Band</subfield>
<subfield code="b">nc</subfield>
<subfield code="2">rdacarrier</subfield>
</datafield>
<datafield ind1="1" ind2="7" tag="600">
<subfield code="0">(DE-588)118564641</subfield>
<subfield code="0">https://d-nb.info/gnd/118564641</subfield>
<subfield code="0">(DE-101)118564641</subfield>
<subfield code="a">Kohlhase, Hans</subfield>
<subfield code="d">1500-1540</subfield>
<subfield code="9">rswk-swf</subfield>
<subfield code="2">gnd</subfield>
</datafield>
<datafield ind1=" " ind2="7" tag="655">
<subfield code="0">(DE-588)1071854844</subfield>
<subfield code="0">https://d-nb.info/gnd/1071854844</subfield>
<subfield code="0">(DE-101)1071854844</subfield>
<subfield code="a">Fiktionale Darstellung</subfield>
<subfield code="2">gnd-content</subfield>
</datafield>
<datafield ind1=" " ind2="7" tag="655">
<subfield code="0">(DE-101)1010836978</subfield>
<subfield code="a">Historische Romane und Erzählungen</subfield>
<subfield code="2">gatbeg</subfield>
</datafield>
<datafield ind1="0" ind2="0" tag="689">
<subfield code="0">(DE-588)118564641</subfield>
<subfield code="0">https://d-nb.info/gnd/118564641</subfield>
<subfield code="0">(DE-101)118564641</subfield>
<subfield code="D">p</subfield>
<subfield code="a">Kohlhase, Hans</subfield>
<subfield code="d">1500-1540</subfield>
</datafield>
<datafield ind1="0" ind2=" " tag="689">
<subfield code="5">DE-101</subfield>
<subfield code="5">DE-101</subfield>
</datafield>
<datafield ind1=" " ind2=" " tag="850">
<subfield code="a">DE-101a</subfield>
<subfield code="a">DE-101b</subfield>
</datafield>
<datafield ind1="4" ind2="2" tag="856">
<subfield code="m">B:DE-101</subfield>
<subfield code="q">application/pdf</subfield>
<subfield code="u">https://d-nb.info/1126044091/04</subfield>
<subfield code="3">Inhaltsverzeichnis</subfield>
</datafield>
<datafield ind1="2" ind2=" " tag="883">
<subfield code="8">1\p</subfield>
<subfield code="a">dnb</subfield>
<subfield code="d">20200122</subfield>
<subfield code="q">DE-101</subfield>
<subfield code="u">https://d-nb.info/provenance/plan#dnb</subfield>
</datafield>
<datafield ind1="r" ind2=" " tag="925">
<subfield code="a">rb</subfield>
</datafield>
</record>