<record type="Bibliographic" xmlns="http://www.loc.gov/MARC21/slim">
<leader>00000pam a2200000 c 4500</leader>
<controlfield tag="001">1050838688</controlfield>
<controlfield tag="003">DE-101</controlfield>
<controlfield tag="005">20171203180431.0</controlfield>
<controlfield tag="007">tu</controlfield>
<controlfield tag="008">140508s2014    gw ||||| |||| 00||||ger  </controlfield>
<datafield ind1=" " ind2=" " tag="015">
<subfield code="a">14,A44</subfield>
<subfield code="z">14,N20</subfield>
<subfield code="2">dnb</subfield>
</datafield>
<datafield ind1="7" ind2=" " tag="016">
<subfield code="2">DE-101</subfield>
<subfield code="a">1050838688</subfield>
</datafield>
<datafield ind1=" " ind2=" " tag="020">
<subfield code="a">9783746613604</subfield>
<subfield code="c">kart. : EUR 9.99 (DE), EUR 10.30 (AT), sfr 14.90 (freier Pr.)</subfield>
<subfield code="9">978-3-7466-1360-4</subfield>
</datafield>
<datafield ind1=" " ind2=" " tag="020">
<subfield code="a">3746613604</subfield>
<subfield code="9">3-7466-1360-4</subfield>
</datafield>
<datafield ind1="3" ind2=" " tag="024">
<subfield code="a">9783746613604</subfield>
</datafield>
<datafield ind1="5" ind2="2" tag="028">
<subfield code="a">Best.-Nr.: 656/31360</subfield>
</datafield>
<datafield ind1=" " ind2=" " tag="035">
<subfield code="a">(DE-599)DNB1050838688</subfield>
</datafield>
<datafield ind1=" " ind2=" " tag="035">
<subfield code="a">(OCoLC)879885716</subfield>
</datafield>
<datafield ind1=" " ind2=" " tag="040">
<subfield code="a">1145</subfield>
<subfield code="b">ger</subfield>
<subfield code="c">DE-101</subfield>
<subfield code="d">9999</subfield>
</datafield>
<datafield ind1=" " ind2=" " tag="041">
<subfield code="a">ger</subfield>
<subfield code="h">eng</subfield>
</datafield>
<datafield ind1=" " ind2=" " tag="044">
<subfield code="c">XA-DE-BE</subfield>
</datafield>
<datafield ind1="7" ind2="4" tag="082">
<subfield code="a">830</subfield>
<subfield code="a">B</subfield>
<subfield code="q">DE-101</subfield>
<subfield code="2">23sdnb</subfield>
</datafield>
<datafield ind1=" " ind2=" " tag="090">
<subfield code="a">b</subfield>
</datafield>
<datafield ind1="1" ind2=" " tag="100">
<subfield code="0">(DE-588)1025206665</subfield>
<subfield code="0">https://d-nb.info/gnd/1025206665</subfield>
<subfield code="0">(DE-101)1025206665</subfield>
<subfield code="a">Neville, Stuart</subfield>
<subfield code="d">1972-</subfield>
<subfield code="e">Verfasser</subfield>
<subfield code="4">aut</subfield>
<subfield code="2">gnd</subfield>
</datafield>
<datafield ind1="1" ind2="0" tag="245">
<subfield code="a">Blutige Fehde</subfield>
<subfield code="b">Thriller</subfield>
<subfield code="c">Stuart Neville. Aus dem Engl. von Armin Gontermann</subfield>
</datafield>
<datafield ind1=" " ind2=" " tag="250">
<subfield code="a">1. Aufl.</subfield>
</datafield>
<datafield ind1=" " ind2=" " tag="259">
<subfield code="a">11</subfield>
</datafield>
<datafield ind1=" " ind2="1" tag="264">
<subfield code="a">Berlin</subfield>
<subfield code="b">Aufbau Taschenbuch</subfield>
<subfield code="c">2014</subfield>
</datafield>
<datafield ind1=" " ind2=" " tag="300">
<subfield code="a">476 S.</subfield>
<subfield code="c">20 cm</subfield>
</datafield>
<datafield ind1=" " ind2=" " tag="336">
<subfield code="a">Text</subfield>
<subfield code="b">txt</subfield>
<subfield code="2">rdacontent</subfield>
</datafield>
<datafield ind1=" " ind2=" " tag="337">
<subfield code="a">ohne Hilfsmittel zu benutzen</subfield>
<subfield code="b">n</subfield>
<subfield code="2">rdamedia</subfield>
</datafield>
<datafield ind1=" " ind2=" " tag="338">
<subfield code="a">Band</subfield>
<subfield code="b">nc</subfield>
<subfield code="2">rdacarrier</subfield>
</datafield>
<datafield ind1=" " ind2=" " tag="653">
<subfield code="a">(Produktform)Paperback / softback</subfield>
</datafield>
<datafield ind1=" " ind2=" " tag="653">
<subfield code="a">(VLB-WN)2121: Taschenbuch / Belletristik/Krimis, Thriller, Spionage</subfield>
</datafield>
<datafield ind1=" " ind2=" " tag="653">
<subfield code="a">(BISAC Subject Heading)FIC031000</subfield>
</datafield>
<datafield ind1=" " ind2=" " tag="653">
<subfield code="a">(Produktgruppe)91210: NONBOOK/Belletristik/Krimis, Thriller, Spionage</subfield>
</datafield>
<datafield ind1=" " ind2="7" tag="655">
<subfield code="0">(DE-101)1010874802</subfield>
<subfield code="a">Krimis, Thriller, Spionage</subfield>
<subfield code="2">gatbeg</subfield>
</datafield>
<datafield ind1="1" ind2=" " tag="700">
<subfield code="0">(DE-588)113390033</subfield>
<subfield code="0">https://d-nb.info/gnd/113390033</subfield>
<subfield code="0">(DE-101)113390033</subfield>
<subfield code="a">Gontermann, Armin</subfield>
<subfield code="e">Übersetzer</subfield>
<subfield code="4">trl</subfield>
<subfield code="2">gnd</subfield>
</datafield>
<datafield ind1="1" ind2="2" tag="700">
<subfield code="a">Neville, Stuart</subfield>
<subfield code="d">1972-</subfield>
<subfield code="2">gnd</subfield>
<subfield code="t">Collusion</subfield>
<subfield code="g">dt.</subfield>
</datafield>
<datafield ind1="0" ind2="8" tag="776">
<subfield code="i">Erscheint auch als</subfield>
<subfield code="n">Druck-Ausgabe</subfield>
<subfield code="z">9783352008399</subfield>
</datafield>
<datafield ind1="0" ind2="8" tag="776">
<subfield code="i">Erscheint auch als</subfield>
<subfield code="n">Online-Ausgabe</subfield>
<subfield code="z">9783841204738</subfield>
</datafield>
<datafield ind1=" " ind2=" " tag="850">
<subfield code="a">DE-101a</subfield>
<subfield code="a">DE-101b</subfield>
</datafield>
<datafield ind1="4" ind2="2" tag="856">
<subfield code="m">X:MVB</subfield>
<subfield code="q">text/html</subfield>
<subfield code="u">http://deposit.dnb.de/cgi-bin/dokserv?id=4661073&amp;prov=M&amp;dok_var=1&amp;dok_ext=htm</subfield>
<subfield code="3">Inhaltstext</subfield>
</datafield>
<datafield ind1="r" ind2=" " tag="925">
<subfield code="a">ra</subfield>
</datafield>
</record>