<record type="Bibliographic" xmlns="http://www.loc.gov/MARC21/slim">
<leader>00000pam a2200000 c 4500</leader>
<controlfield tag="001">1062933133</controlfield>
<controlfield tag="003">DE-101</controlfield>
<controlfield tag="005">20181116142349.0</controlfield>
<controlfield tag="007">tu</controlfield>
<controlfield tag="008">141201s2014    gw ||||| |||| 00||||ger  </controlfield>
<datafield ind1=" " ind2=" " tag="015">
<subfield code="a">15,A07</subfield>
<subfield code="z">14,N50</subfield>
<subfield code="2">dnb</subfield>
</datafield>
<datafield ind1="7" ind2=" " tag="016">
<subfield code="2">DE-101</subfield>
<subfield code="a">1062933133</subfield>
</datafield>
<datafield ind1=" " ind2=" " tag="020">
<subfield code="a">9783957981714</subfield>
<subfield code="c">kart. : EUR 19.99 (DE), EUR 21.10 (AT), sfr 28.90 (freier Pr.)</subfield>
<subfield code="9">978-3-95798-171-4</subfield>
</datafield>
<datafield ind1="3" ind2=" " tag="024">
<subfield code="a">9783957981714</subfield>
</datafield>
<datafield ind1=" " ind2=" " tag="035">
<subfield code="a">(DE-599)DNB1062933133</subfield>
</datafield>
<datafield ind1=" " ind2=" " tag="035">
<subfield code="a">(OCoLC)1184707835</subfield>
</datafield>
<datafield ind1=" " ind2=" " tag="035">
<subfield code="a">(OCoLC)898076304</subfield>
</datafield>
<datafield ind1=" " ind2=" " tag="040">
<subfield code="a">1245</subfield>
<subfield code="b">ger</subfield>
<subfield code="c">DE-101</subfield>
<subfield code="d">1240</subfield>
</datafield>
<datafield ind1=" " ind2=" " tag="041">
<subfield code="a">ger</subfield>
<subfield code="h">eng</subfield>
</datafield>
<datafield ind1=" " ind2=" " tag="044">
<subfield code="c">XA-DE-BW</subfield>
</datafield>
<datafield ind1="7" ind2="4" tag="082">
<subfield code="a">741.5</subfield>
<subfield code="q">DE-101</subfield>
<subfield code="2">23sdnb</subfield>
</datafield>
<datafield ind1=" " ind2=" " tag="090">
<subfield code="a">b</subfield>
</datafield>
<datafield ind1="0" ind2="0" tag="245">
<subfield code="a">Die ewige Fehde</subfield>
<subfield code="b">= The infinity gauntlet</subfield>
<subfield code="c">Jim Starlin, Autor. George Pérez ; Ron Lim, Zeichn. Jürgen Petz, Übers.</subfield>
</datafield>
<datafield ind1="1" ind2="1" tag="246">
<subfield code="a">The infinity gauntlet</subfield>
</datafield>
<datafield ind1=" " ind2="1" tag="264">
<subfield code="a">Stuttgart</subfield>
<subfield code="b">Panini-Comics</subfield>
<subfield code="c">2014</subfield>
</datafield>
<datafield ind1=" " ind2=" " tag="300">
<subfield code="a">[ca. 260] S.</subfield>
<subfield code="b">überw. Ill.</subfield>
<subfield code="c">26 cm</subfield>
</datafield>
<datafield ind1=" " ind2=" " tag="336">
<subfield code="a">unbewegtes Bild</subfield>
<subfield code="b">sti</subfield>
<subfield code="2">rdacontent</subfield>
</datafield>
<datafield ind1=" " ind2=" " tag="337">
<subfield code="a">ohne Hilfsmittel zu benutzen</subfield>
<subfield code="b">n</subfield>
<subfield code="2">rdamedia</subfield>
</datafield>
<datafield ind1=" " ind2=" " tag="338">
<subfield code="a">Band</subfield>
<subfield code="b">nc</subfield>
<subfield code="2">rdacarrier</subfield>
</datafield>
<datafield ind1="0" ind2=" " tag="490">
<subfield code="a">Marvel</subfield>
</datafield>
<datafield ind1=" " ind2=" " tag="653">
<subfield code="a">(Produktform)Paperback / softback</subfield>
</datafield>
<datafield ind1=" " ind2=" " tag="653">
<subfield code="a">(Lesealter)ab 12 Jahre</subfield>
</datafield>
<datafield ind1=" " ind2=" " tag="653">
<subfield code="a">Marvel</subfield>
</datafield>
<datafield ind1=" " ind2=" " tag="653">
<subfield code="a">Superhelden</subfield>
</datafield>
<datafield ind1=" " ind2=" " tag="653">
<subfield code="a">Thanos</subfield>
</datafield>
<datafield ind1=" " ind2=" " tag="653">
<subfield code="a">Infinity</subfield>
</datafield>
<datafield ind1=" " ind2=" " tag="653">
<subfield code="a">(VLB-WN)2181: Taschenbuch / Belletristik/Comic, Cartoon, Humor, Satire/Comic</subfield>
</datafield>
<datafield ind1="1" ind2=" " tag="700">
<subfield code="0">(DE-588)1066394652</subfield>
<subfield code="0">https://d-nb.info/gnd/1066394652</subfield>
<subfield code="0">(DE-101)1066394652</subfield>
<subfield code="a">Starlin, Jim</subfield>
<subfield code="d">1949-</subfield>
<subfield code="e">Mitwirkender</subfield>
<subfield code="4">ctb</subfield>
<subfield code="2">gnd</subfield>
</datafield>
<datafield ind1="1" ind2=" " tag="700">
<subfield code="0">(DE-588)1041271735</subfield>
<subfield code="0">https://d-nb.info/gnd/1041271735</subfield>
<subfield code="0">(DE-101)1041271735</subfield>
<subfield code="a">Pérez, George</subfield>
<subfield code="d">1954-2022</subfield>
<subfield code="e">Mitwirkender</subfield>
<subfield code="4">ctb</subfield>
<subfield code="2">gnd</subfield>
</datafield>
<datafield ind1="0" ind2="2" tag="730">
<subfield code="a">The infinity gauntlet</subfield>
<subfield code="g">dt.</subfield>
</datafield>
<datafield ind1=" " ind2=" " tag="850">
<subfield code="a">DE-101a</subfield>
<subfield code="a">DE-101b</subfield>
</datafield>
<datafield ind1="r" ind2=" " tag="925">
<subfield code="a">ra</subfield>
</datafield>
</record>