<record type="Bibliographic" xmlns="http://www.loc.gov/MARC21/slim">
<leader>00000nam a2200000uc 4500</leader>
<controlfield tag="001">1060095130</controlfield>
<controlfield tag="003">DE-101</controlfield>
<controlfield tag="005">20200605090204.0</controlfield>
<controlfield tag="007">cr||||||||||||</controlfield>
<controlfield tag="008">141028s2014    gw |||||o|||| 00||||ger  </controlfield>
<datafield ind1=" " ind2=" " tag="015">
<subfield code="a">14,O11</subfield>
<subfield code="2">dnb</subfield>
</datafield>
<datafield ind1="7" ind2=" " tag="016">
<subfield code="2">DE-101</subfield>
<subfield code="a">1060095130</subfield>
</datafield>
<datafield ind1=" " ind2=" " tag="020">
<subfield code="a">1501070622</subfield>
<subfield code="9">1-5010-7062-2</subfield>
</datafield>
<datafield ind1=" " ind2=" " tag="020">
<subfield code="a">9781501070624</subfield>
<subfield code="9">978-1-5010-7062-4</subfield>
</datafield>
<datafield ind1="7" ind2=" " tag="024">
<subfield code="2">urn</subfield>
<subfield code="a">urn:nbn:de:101:1-2014102815217</subfield>
</datafield>
<datafield ind1=" " ind2=" " tag="035">
<subfield code="a">(DE-599)DNB1060095130</subfield>
</datafield>
<datafield ind1=" " ind2=" " tag="035">
<subfield code="a">(OCoLC)894718812</subfield>
</datafield>
<datafield ind1=" " ind2=" " tag="040">
<subfield code="a">1240</subfield>
<subfield code="b">ger</subfield>
<subfield code="c">DE-101</subfield>
<subfield code="d">1147</subfield>
</datafield>
<datafield ind1=" " ind2=" " tag="041">
<subfield code="a">ger</subfield>
</datafield>
<datafield ind1=" " ind2=" " tag="044">
<subfield code="c">XA-DE-HB</subfield>
</datafield>
<datafield ind1="7" ind2="4" tag="082">
<subfield code="8">1\p</subfield>
<subfield code="a">800</subfield>
<subfield code="a">B</subfield>
<subfield code="q">DE-101</subfield>
<subfield code="2">23sdnb</subfield>
</datafield>
<datafield ind1="1" ind2=" " tag="100">
<subfield code="a">Cerón, L.</subfield>
<subfield code="4">aut</subfield>
</datafield>
<datafield ind1="1" ind2="0" tag="245">
<subfield code="a">Do Laze - Fehde in Mexiko: Band I</subfield>
<subfield code="c">L. Cerón</subfield>
</datafield>
<datafield ind1=" " ind2=" " tag="250">
<subfield code="a">1</subfield>
</datafield>
<datafield ind1=" " ind2=" " tag="259">
<subfield code="a">11</subfield>
</datafield>
<datafield ind1=" " ind2="1" tag="264">
<subfield code="a">Bremen</subfield>
<subfield code="b">L. Cerón</subfield>
<subfield code="c">2014</subfield>
</datafield>
<datafield ind1=" " ind2=" " tag="300">
<subfield code="a">Online-Ressource</subfield>
</datafield>
<datafield ind1=" " ind2=" " tag="336">
<subfield code="a">Text</subfield>
<subfield code="b">txt</subfield>
<subfield code="2">rdacontent</subfield>
</datafield>
<datafield ind1=" " ind2=" " tag="337">
<subfield code="a">Computermedien</subfield>
<subfield code="b">c</subfield>
<subfield code="2">rdamedia</subfield>
</datafield>
<datafield ind1=" " ind2=" " tag="338">
<subfield code="a">Online-Ressource</subfield>
<subfield code="b">cr</subfield>
<subfield code="2">rdacarrier</subfield>
</datafield>
<datafield ind1=" " ind2=" " tag="500">
<subfield code="a">Lizenzpflichtig</subfield>
</datafield>
<datafield ind1="1" ind2=" " tag="583">
<subfield code="a">Archivierung/Langzeitarchivierung gewährleistet</subfield>
<subfield code="5">DE-101</subfield>
<subfield code="2">pdager</subfield>
</datafield>
<datafield ind1=" " ind2=" " tag="653">
<subfield code="a">Mexiko</subfield>
</datafield>
<datafield ind1=" " ind2=" " tag="653">
<subfield code="a">Intrige</subfield>
</datafield>
<datafield ind1=" " ind2=" " tag="653">
<subfield code="a">Bürgerrecht</subfield>
</datafield>
<datafield ind1=" " ind2=" " tag="653">
<subfield code="a">Jagd</subfield>
</datafield>
<datafield ind1=" " ind2=" " tag="653">
<subfield code="a">Kartell</subfield>
</datafield>
<datafield ind1=" " ind2=" " tag="653">
<subfield code="a">Finanztycoon</subfield>
</datafield>
<datafield ind1=" " ind2=" " tag="653">
<subfield code="a">Selbstfindung</subfield>
</datafield>
<datafield ind1=" " ind2=" " tag="653">
<subfield code="a">Staatsfeinde</subfield>
</datafield>
<datafield ind1=" " ind2=" " tag="653">
<subfield code="a">paramilitärisch</subfield>
</datafield>
<datafield ind1=" " ind2=" " tag="653">
<subfield code="a">Heldenreise</subfield>
</datafield>
<datafield ind1=" " ind2=" " tag="850">
<subfield code="a">DE-101a</subfield>
<subfield code="a">DE-101b</subfield>
</datafield>
<datafield ind1="4" ind2="0" tag="856">
<subfield code="u">https://nbn-resolving.org/urn:nbn:de:101:1-2014102815217</subfield>
<subfield code="x">Resolving-System</subfield>
</datafield>
<datafield ind1=" " ind2="0" tag="856">
<subfield code="u">https://d-nb.info/1060095130/34</subfield>
<subfield code="x">Langzeitarchivierung Nationalbibliothek</subfield>
</datafield>
<datafield ind1="4" ind2=" " tag="856">
<subfield code="u">http://www.amazon.de/Do-Laze-Fehde-Mexiko-Band/dp/1501070622/ref=sr_1_1?ie=UTF8&amp;qid=1414526117&amp;sr=8-1&amp;keywords=Do+Laze</subfield>
<subfield code="x">Verlag</subfield>
</datafield>
<datafield ind1="1" ind2=" " tag="883">
<subfield code="8">1\p</subfield>
<subfield code="a">npi</subfield>
<subfield code="d">20141028</subfield>
<subfield code="q">DE-101</subfield>
<subfield code="u">https://d-nb.info/provenance/plan#npi</subfield>
</datafield>
<datafield ind1="r" ind2=" " tag="925">
<subfield code="a">ro</subfield>
<subfield code="a">rb</subfield>
</datafield>
<datafield ind1=" " ind2=" " tag="927">
<subfield code="a">352026626</subfield>
</datafield>
</record>