<record type="Bibliographic" xmlns="http://www.loc.gov/MARC21/slim">
<leader>00000pam a2200000 cc4500</leader>
<controlfield tag="001">1064549802</controlfield>
<controlfield tag="003">DE-101</controlfield>
<controlfield tag="005">20171202053241.0</controlfield>
<controlfield tag="007">tu</controlfield>
<controlfield tag="008">150102s2014    gw ||||| |||| 00||||ger  </controlfield>
<datafield ind1=" " ind2=" " tag="015">
<subfield code="a">15,A14</subfield>
<subfield code="z">15,N03</subfield>
<subfield code="2">dnb</subfield>
</datafield>
<datafield ind1="7" ind2=" " tag="016">
<subfield code="2">DE-101</subfield>
<subfield code="a">1064549802</subfield>
</datafield>
<datafield ind1=" " ind2=" " tag="020">
<subfield code="a">9783864688454</subfield>
<subfield code="c">kart. : EUR 22.50 (DE), EUR 23.20 (AT), sfr 32.50 (freier Pr.)</subfield>
<subfield code="9">978-3-86468-845-4</subfield>
</datafield>
<datafield ind1=" " ind2=" " tag="020">
<subfield code="a">3864688450</subfield>
<subfield code="9">3-86468-845-0</subfield>
</datafield>
<datafield ind1="3" ind2=" " tag="024">
<subfield code="a">9783864688454</subfield>
</datafield>
<datafield ind1=" " ind2=" " tag="035">
<subfield code="a">(DE-599)DNB1064549802</subfield>
</datafield>
<datafield ind1=" " ind2=" " tag="035">
<subfield code="a">(OCoLC)900289969</subfield>
</datafield>
<datafield ind1=" " ind2=" " tag="040">
<subfield code="a">1145</subfield>
<subfield code="b">ger</subfield>
<subfield code="c">DE-101</subfield>
<subfield code="d">9999</subfield>
</datafield>
<datafield ind1=" " ind2=" " tag="041">
<subfield code="a">ger</subfield>
</datafield>
<datafield ind1=" " ind2=" " tag="044">
<subfield code="c">XA-DE-SN</subfield>
</datafield>
<datafield ind1="7" ind2="4" tag="082">
<subfield code="a">830</subfield>
<subfield code="a">B</subfield>
<subfield code="q">DE-101</subfield>
<subfield code="2">23sdnb</subfield>
</datafield>
<datafield ind1=" " ind2=" " tag="090">
<subfield code="a">b</subfield>
</datafield>
<datafield ind1="1" ind2=" " tag="100">
<subfield code="0">(DE-588)137725175</subfield>
<subfield code="0">https://d-nb.info/gnd/137725175</subfield>
<subfield code="0">(DE-101)137725175</subfield>
<subfield code="a">Herrig, Reiner</subfield>
<subfield code="d">1942-</subfield>
<subfield code="e">Verfasser</subfield>
<subfield code="4">aut</subfield>
<subfield code="2">gnd</subfield>
</datafield>
<datafield ind1="1" ind2="0" tag="245">
<subfield code="a">Hans Kohlhase</subfield>
<subfield code="n">Teil 2.</subfield>
<subfield code="p">Die Fehde</subfield>
<subfield code="c">von Reiner Herrig</subfield>
</datafield>
<datafield ind1="3" ind2="1" tag="264">
<subfield code="a">Borsdorf</subfield>
<subfield code="b">Ed. Winterwork</subfield>
<subfield code="c">2014</subfield>
</datafield>
<datafield ind1=" " ind2=" " tag="300">
<subfield code="a">405 S.</subfield>
<subfield code="b">Ill.</subfield>
<subfield code="c">460 g</subfield>
</datafield>
<datafield ind1=" " ind2=" " tag="336">
<subfield code="a">Text</subfield>
<subfield code="b">txt</subfield>
<subfield code="2">rdacontent</subfield>
</datafield>
<datafield ind1=" " ind2=" " tag="337">
<subfield code="a">ohne Hilfsmittel zu benutzen</subfield>
<subfield code="b">n</subfield>
<subfield code="2">rdamedia</subfield>
</datafield>
<datafield ind1=" " ind2=" " tag="338">
<subfield code="a">Band</subfield>
<subfield code="b">nc</subfield>
<subfield code="2">rdacarrier</subfield>
</datafield>
<datafield ind1=" " ind2=" " tag="653">
<subfield code="a">(Produktform)Paperback / softback</subfield>
</datafield>
<datafield ind1=" " ind2=" " tag="653">
<subfield code="a">(VLB-WN)2113: Taschenbuch / Belletristik/Historische Romane, Erzählungen</subfield>
</datafield>
<datafield ind1="0" ind2="8" tag="773">
<subfield code="q">12</subfield>
<subfield code="w">(DE-101)1030073031</subfield>
</datafield>
<datafield ind1=" " ind2=" " tag="850">
<subfield code="a">DE-101a</subfield>
<subfield code="a">DE-101b</subfield>
</datafield>
<datafield ind1="4" ind2="2" tag="856">
<subfield code="m">B:DE-101</subfield>
<subfield code="q">application/pdf</subfield>
<subfield code="u">https://d-nb.info/1064549802/04</subfield>
<subfield code="3">Inhaltsverzeichnis</subfield>
</datafield>
<datafield ind1="4" ind2="2" tag="856">
<subfield code="m">X:MVB</subfield>
<subfield code="q">text/html</subfield>
<subfield code="u">http://deposit.dnb.de/cgi-bin/dokserv?id=5120573&amp;prov=M&amp;dok_var=1&amp;dok_ext=htm</subfield>
<subfield code="3">Inhaltstext</subfield>
</datafield>
<datafield ind1="r" ind2=" " tag="925">
<subfield code="a">ra</subfield>
</datafield>
</record>