<record type="Bibliographic" xmlns="http://www.loc.gov/MARC21/slim">
<leader>00000nam a2200000 c 4500</leader>
<controlfield tag="001">1233031759</controlfield>
<controlfield tag="003">DE-101</controlfield>
<controlfield tag="005">20210813213923.0</controlfield>
<controlfield tag="007">tu</controlfield>
<controlfield tag="008">210507s2014    gw ||||| |||| 00||||ger  </controlfield>
<datafield ind1="7" ind2=" " tag="016">
<subfield code="2">DE-101</subfield>
<subfield code="a">1233031759</subfield>
</datafield>
<datafield ind1=" " ind2=" " tag="020">
<subfield code="a">9783835351158</subfield>
<subfield code="c">Festeinband : EUR 59.00 (DE), EUR 60.70 (AT)</subfield>
<subfield code="9">978-3-8353-5115-8</subfield>
</datafield>
<datafield ind1=" " ind2=" " tag="020">
<subfield code="a">383535115X</subfield>
<subfield code="9">3-8353-5115-X</subfield>
</datafield>
<datafield ind1="3" ind2=" " tag="024">
<subfield code="a">9783835351158</subfield>
</datafield>
<datafield ind1=" " ind2=" " tag="035">
<subfield code="a">(DE-599)DNB1233031759</subfield>
</datafield>
<datafield ind1=" " ind2=" " tag="035">
<subfield code="a">(OCoLC)1250358112</subfield>
</datafield>
<datafield ind1=" " ind2=" " tag="040">
<subfield code="a">1245</subfield>
<subfield code="b">ger</subfield>
<subfield code="c">DE-101</subfield>
<subfield code="d">9999</subfield>
</datafield>
<datafield ind1=" " ind2=" " tag="041">
<subfield code="a">ger</subfield>
</datafield>
<datafield ind1=" " ind2=" " tag="044">
<subfield code="c">XA-DE-NI</subfield>
</datafield>
<datafield ind1="7" ind2="4" tag="082">
<subfield code="8">3\p</subfield>
<subfield code="a">940</subfield>
<subfield code="q">DE-101</subfield>
<subfield code="2">23sdnb</subfield>
</datafield>
<datafield ind1="1" ind2=" " tag="100">
<subfield code="8">1\p</subfield>
<subfield code="a">Wieland, Christian</subfield>
<subfield code="e">Verfasser</subfield>
<subfield code="4">aut</subfield>
</datafield>
<datafield ind1="1" ind2="0" tag="245">
<subfield code="a">Nach der Fehde</subfield>
<subfield code="b">Studien zur Interaktion von Adel und Rechtssystem am Beginn der Neuzeit: Bayern 1500 bis 1600</subfield>
<subfield code="c">Christian Wieland</subfield>
</datafield>
<datafield ind1=" " ind2=" " tag="250">
<subfield code="a">1. Auflage</subfield>
</datafield>
<datafield ind1=" " ind2=" " tag="259">
<subfield code="a">11</subfield>
</datafield>
<datafield ind1=" " ind2="1" tag="264">
<subfield code="a">Göttingen, Niedersachs</subfield>
<subfield code="b">Wallstein</subfield>
<subfield code="c">2014</subfield>
</datafield>
<datafield ind1=" " ind2=" " tag="300">
<subfield code="a">567 Seiten</subfield>
<subfield code="b">60</subfield>
<subfield code="c">23.3 cm x 15.9 cm, 1000 g</subfield>
</datafield>
<datafield ind1=" " ind2=" " tag="336">
<subfield code="a">Text</subfield>
<subfield code="b">txt</subfield>
<subfield code="2">rdacontent</subfield>
</datafield>
<datafield ind1=" " ind2=" " tag="337">
<subfield code="a">ohne Hilfsmittel zu benutzen</subfield>
<subfield code="b">n</subfield>
<subfield code="2">rdamedia</subfield>
</datafield>
<datafield ind1=" " ind2=" " tag="338">
<subfield code="a">Band</subfield>
<subfield code="b">nc</subfield>
<subfield code="2">rdacarrier</subfield>
</datafield>
<datafield ind1="1" ind2=" " tag="490">
<subfield code="a">Frühneuzeit-Forschungen</subfield>
<subfield code="v">20</subfield>
</datafield>
<datafield ind1=" " ind2=" " tag="653">
<subfield code="a">(Produktform)Hardback</subfield>
</datafield>
<datafield ind1=" " ind2=" " tag="653">
<subfield code="a">(Produktform (spezifisch))With dust jacket</subfield>
</datafield>
<datafield ind1=" " ind2=" " tag="653">
<subfield code="a">Gelehrte</subfield>
</datafield>
<datafield ind1=" " ind2=" " tag="653">
<subfield code="a">Frühe Neuzeit</subfield>
</datafield>
<datafield ind1=" " ind2=" " tag="653">
<subfield code="a">Universitätsgeschichte</subfield>
</datafield>
<datafield ind1=" " ind2=" " tag="653">
<subfield code="a">Wissenschaftsgeschichte</subfield>
</datafield>
<datafield ind1=" " ind2=" " tag="653">
<subfield code="a">Wissensgeschichte</subfield>
</datafield>
<datafield ind1=" " ind2=" " tag="653">
<subfield code="a">Netzwerke</subfield>
</datafield>
<datafield ind1=" " ind2=" " tag="653">
<subfield code="a">Memoria</subfield>
</datafield>
<datafield ind1=" " ind2=" " tag="653">
<subfield code="a">Wissenssoziologie</subfield>
</datafield>
<datafield ind1=" " ind2=" " tag="653">
<subfield code="a">(VLB-WN)1555: Hardcover, Softcover / Geschichte/Neuzeit bis 1918</subfield>
</datafield>
<datafield ind1="2" ind2=" " tag="710">
<subfield code="8">2\p</subfield>
<subfield code="0">(DE-588)103700972X</subfield>
<subfield code="0">https://d-nb.info/gnd/103700972X</subfield>
<subfield code="0">(DE-101)103700972X</subfield>
<subfield code="a">Wallstein-Verlag</subfield>
<subfield code="e">Verlag</subfield>
<subfield code="4">pbl</subfield>
<subfield code="2">gnd</subfield>
</datafield>
<datafield ind1="0" ind2="8" tag="787">
<subfield code="i">In Beziehung stehende Ressource</subfield>
<subfield code="z">9783928471923</subfield>
</datafield>
<datafield ind1=" " ind2="0" tag="830">
<subfield code="a">Frühneuzeit-Forschungen</subfield>
<subfield code="v">20</subfield>
</datafield>
<datafield ind1="4" ind2="2" tag="856">
<subfield code="m">X:MVB</subfield>
<subfield code="q">text/html</subfield>
<subfield code="u">http://deposit.dnb.de/cgi-bin/dokserv?id=7c33d5ff52c74f1e931757881b28c549&amp;prov=M&amp;dok_var=1&amp;dok_ext=htm</subfield>
<subfield code="3">Inhaltstext</subfield>
</datafield>
<datafield ind1="1" ind2=" " tag="883">
<subfield code="8">1\p</subfield>
<subfield code="a">vlb</subfield>
<subfield code="d">20210507</subfield>
<subfield code="q">DE-101</subfield>
<subfield code="u">https://d-nb.info/provenance/plan#vlb</subfield>
</datafield>
<datafield ind1="1" ind2=" " tag="883">
<subfield code="8">2\p</subfield>
<subfield code="a">adb</subfield>
<subfield code="d">20210507</subfield>
<subfield code="q">DE-101</subfield>
<subfield code="u">https://d-nb.info/provenance/plan#adb</subfield>
</datafield>
<datafield ind1="1" ind2=" " tag="883">
<subfield code="8">3\p</subfield>
<subfield code="a">vlb</subfield>
<subfield code="d">20210507</subfield>
<subfield code="q">DE-101</subfield>
<subfield code="u">https://d-nb.info/provenance/plan#vlb</subfield>
</datafield>
<datafield ind1="1" ind2=" " tag="926">
<subfield code="a">NHD</subfield>
<subfield code="o">93</subfield>
<subfield code="q">Publisher</subfield>
<subfield code="v">1.4</subfield>
<subfield code="x">Europäische Geschichte</subfield>
</datafield>
<datafield ind1="2" ind2=" " tag="926">
<subfield code="a">NHTB</subfield>
<subfield code="o">93</subfield>
<subfield code="q">Publisher</subfield>
<subfield code="v">1.4</subfield>
<subfield code="x">Sozial- und Kulturgeschichte</subfield>
</datafield>
<datafield ind1="2" ind2=" " tag="926">
<subfield code="a">GTB</subfield>
<subfield code="o">93</subfield>
<subfield code="q">Publisher</subfield>
<subfield code="v">1.4</subfield>
<subfield code="x">Wissenschaftsgeschichte (Sozial- und Geisteswissenschaften)</subfield>
</datafield>
<datafield ind1="2" ind2=" " tag="926">
<subfield code="a">GTV</subfield>
<subfield code="o">93</subfield>
<subfield code="q">Publisher</subfield>
<subfield code="v">1.4</subfield>
<subfield code="x">Institutionen und Gelehrtengesellschaften, allgemein</subfield>
</datafield>
<datafield ind1="2" ind2=" " tag="926">
<subfield code="a">3MD</subfield>
<subfield code="o">96</subfield>
<subfield code="q">Publisher</subfield>
<subfield code="v">1.4</subfield>
<subfield code="x">16. Jahrhundert (1500 bis 1599 n. Chr.)</subfield>
</datafield>
<datafield ind1="2" ind2=" " tag="926">
<subfield code="a">3MG</subfield>
<subfield code="o">96</subfield>
<subfield code="q">Publisher</subfield>
<subfield code="v">1.4</subfield>
<subfield code="x">17. Jahrhundert (1600 bis 1699 n. Chr.)</subfield>
</datafield>
<datafield ind1="2" ind2=" " tag="926">
<subfield code="a">3ML</subfield>
<subfield code="o">96</subfield>
<subfield code="q">Publisher</subfield>
<subfield code="v">1.4</subfield>
<subfield code="x">18. Jahrhundert (1700 bis 1799 n. Chr.)</subfield>
</datafield>
<datafield ind1="2" ind2=" " tag="926">
<subfield code="a">3MN</subfield>
<subfield code="o">96</subfield>
<subfield code="q">Publisher</subfield>
<subfield code="v">1.4</subfield>
<subfield code="x">19. Jahrhundert (1800 bis 1899 n. Chr.)</subfield>
</datafield>
</record>