<record type="Bibliographic" xmlns="http://www.loc.gov/MARC21/slim">
<leader>00000pam a2200000 c 4500</leader>
<controlfield tag="001">1059420406</controlfield>
<controlfield tag="003">DE-101</controlfield>
<controlfield tag="005">20171202023345.0</controlfield>
<controlfield tag="007">tu</controlfield>
<controlfield tag="008">141014s2014    gw ||||| m||| 00||||ger  </controlfield>
<datafield ind1=" " ind2=" " tag="015">
<subfield code="a">15,A11</subfield>
<subfield code="a">15,H04</subfield>
<subfield code="z">14,N43</subfield>
<subfield code="2">dnb</subfield>
</datafield>
<datafield ind1="7" ind2=" " tag="016">
<subfield code="2">DE-101</subfield>
<subfield code="a">1059420406</subfield>
</datafield>
<datafield ind1=" " ind2=" " tag="020">
<subfield code="a">9783928471923</subfield>
<subfield code="c">Gewebe : EUR 78.00 (DE), EUR 80.20 (AT), sfr 105.00 (freier Pr.)</subfield>
<subfield code="9">978-3-928471-92-3</subfield>
</datafield>
<datafield ind1="3" ind2=" " tag="024">
<subfield code="a">9783928471923</subfield>
</datafield>
<datafield ind1=" " ind2=" " tag="035">
<subfield code="a">(DE-599)DNB1059420406</subfield>
</datafield>
<datafield ind1=" " ind2=" " tag="035">
<subfield code="a">(OCoLC)893622959</subfield>
</datafield>
<datafield ind1=" " ind2=" " tag="040">
<subfield code="a">1245</subfield>
<subfield code="b">ger</subfield>
<subfield code="c">DE-101</subfield>
<subfield code="d">9999</subfield>
</datafield>
<datafield ind1=" " ind2=" " tag="041">
<subfield code="a">ger</subfield>
</datafield>
<datafield ind1=" " ind2=" " tag="044">
<subfield code="c">XA-DE-BW</subfield>
</datafield>
<datafield ind1="0" ind2="4" tag="082">
<subfield code="8">1\u</subfield>
<subfield code="a">340.0943309031</subfield>
<subfield code="q">DE-101</subfield>
<subfield code="2">22/ger</subfield>
</datafield>
<datafield ind1="7" ind2=" " tag="083">
<subfield code="a">340</subfield>
<subfield code="a">940</subfield>
<subfield code="q">DE-101</subfield>
<subfield code="2">23sdnb</subfield>
</datafield>
<datafield ind1=" " ind2=" " tag="085">
<subfield code="8">1\u</subfield>
<subfield code="b">340.9</subfield>
</datafield>
<datafield ind1=" " ind2=" " tag="085">
<subfield code="8">1\u</subfield>
<subfield code="z">1</subfield>
<subfield code="s">09031</subfield>
</datafield>
<datafield ind1=" " ind2=" " tag="085">
<subfield code="8">1\u</subfield>
<subfield code="z">2</subfield>
<subfield code="s">433</subfield>
</datafield>
<datafield ind1=" " ind2=" " tag="090">
<subfield code="a">b</subfield>
</datafield>
<datafield ind1="1" ind2=" " tag="100">
<subfield code="0">(DE-588)1014754739</subfield>
<subfield code="0">https://d-nb.info/gnd/1014754739</subfield>
<subfield code="0">(DE-101)1014754739</subfield>
<subfield code="a">Wieland, Christian</subfield>
<subfield code="d">1969-</subfield>
<subfield code="e">Verfasser</subfield>
<subfield code="4">aut</subfield>
<subfield code="2">gnd</subfield>
</datafield>
<datafield ind1="1" ind2="0" tag="245">
<subfield code="a">Nach der Fehde</subfield>
<subfield code="b">Studien zur Interaktion von Adel und Rechtssystem am Beginn der Neuzeit: Bayern 1500 bis 1600</subfield>
<subfield code="c">Christian Wieland</subfield>
</datafield>
<datafield ind1=" " ind2="1" tag="264">
<subfield code="a">Epfendorf/Neckar</subfield>
<subfield code="b">Bibliotheca-Academica-Verl.</subfield>
<subfield code="c">2014</subfield>
</datafield>
<datafield ind1=" " ind2=" " tag="300">
<subfield code="a">564 S.</subfield>
<subfield code="b">graph. Darst., Kt.</subfield>
<subfield code="c">24 cm, 1011 g</subfield>
</datafield>
<datafield ind1=" " ind2=" " tag="336">
<subfield code="a">Text</subfield>
<subfield code="b">txt</subfield>
<subfield code="2">rdacontent</subfield>
</datafield>
<datafield ind1=" " ind2=" " tag="337">
<subfield code="a">ohne Hilfsmittel zu benutzen</subfield>
<subfield code="b">n</subfield>
<subfield code="2">rdamedia</subfield>
</datafield>
<datafield ind1=" " ind2=" " tag="338">
<subfield code="a">Band</subfield>
<subfield code="b">nc</subfield>
<subfield code="2">rdacarrier</subfield>
</datafield>
<datafield ind1="1" ind2=" " tag="490">
<subfield code="a">Frühneuzeit-Forschungen</subfield>
<subfield code="v">Bd. 20</subfield>
</datafield>
<datafield ind1=" " ind2=" " tag="502">
<subfield code="a">Zugl.: Freiburg (Breisgau), Univ., Habil.-Schr., 2009</subfield>
</datafield>
<datafield ind1=" " ind2="7" tag="648">
<subfield code="a">Geschichte 1500-1600</subfield>
<subfield code="9">rswk-swf</subfield>
<subfield code="2">gnd</subfield>
</datafield>
<datafield ind1=" " ind2="7" tag="650">
<subfield code="0">(DE-588)4000464-8</subfield>
<subfield code="0">https://d-nb.info/gnd/4000464-8</subfield>
<subfield code="0">(DE-101)040004643</subfield>
<subfield code="a">Adel</subfield>
<subfield code="9">rswk-swf</subfield>
<subfield code="2">gnd</subfield>
</datafield>
<datafield ind1=" " ind2="7" tag="650">
<subfield code="0">(DE-588)4073136-4</subfield>
<subfield code="0">https://d-nb.info/gnd/4073136-4</subfield>
<subfield code="0">(DE-101)040731367</subfield>
<subfield code="a">Justiz</subfield>
<subfield code="9">rswk-swf</subfield>
<subfield code="2">gnd</subfield>
</datafield>
<datafield ind1=" " ind2="7" tag="650">
<subfield code="0">(DE-588)4139924-9</subfield>
<subfield code="0">https://d-nb.info/gnd/4139924-9</subfield>
<subfield code="0">(DE-101)041399242</subfield>
<subfield code="a">Rechtssystem</subfield>
<subfield code="9">rswk-swf</subfield>
<subfield code="2">gnd</subfield>
</datafield>
<datafield ind1=" " ind2="7" tag="650">
<subfield code="0">(DE-588)4120755-5</subfield>
<subfield code="0">https://d-nb.info/gnd/4120755-5</subfield>
<subfield code="0">(DE-101)041207556</subfield>
<subfield code="a">Modernisierung</subfield>
<subfield code="9">rswk-swf</subfield>
<subfield code="2">gnd</subfield>
</datafield>
<datafield ind1=" " ind2="7" tag="650">
<subfield code="0">(DE-588)4127678-4</subfield>
<subfield code="0">https://d-nb.info/gnd/4127678-4</subfield>
<subfield code="0">(DE-101)041276787</subfield>
<subfield code="a">Institutionalisierung</subfield>
<subfield code="9">rswk-swf</subfield>
<subfield code="2">gnd</subfield>
</datafield>
<datafield ind1=" " ind2="7" tag="651">
<subfield code="0">(DE-588)4005044-0</subfield>
<subfield code="0">https://d-nb.info/gnd/4005044-0</subfield>
<subfield code="0">(DE-101)040050440</subfield>
<subfield code="a">Bayern</subfield>
<subfield code="9">rswk-swf</subfield>
<subfield code="2">gnd</subfield>
</datafield>
<datafield ind1=" " ind2=" " tag="653">
<subfield code="a">(Produktform)Book</subfield>
</datafield>
<datafield ind1=" " ind2=" " tag="653">
<subfield code="a">(VLB-WN)1555: Hardcover, Softcover / Geschichte/Neuzeit bis 1918</subfield>
</datafield>
<datafield ind1=" " ind2="7" tag="655">
<subfield code="0">(DE-588)4113937-9</subfield>
<subfield code="0">https://d-nb.info/gnd/4113937-9</subfield>
<subfield code="0">(DE-101)041139372</subfield>
<subfield code="a">Hochschulschrift</subfield>
<subfield code="2">gnd-content</subfield>
</datafield>
<datafield ind1="0" ind2="0" tag="689">
<subfield code="0">(DE-588)4005044-0</subfield>
<subfield code="0">https://d-nb.info/gnd/4005044-0</subfield>
<subfield code="0">(DE-101)040050440</subfield>
<subfield code="D">g</subfield>
<subfield code="a">Bayern</subfield>
</datafield>
<datafield ind1="0" ind2="1" tag="689">
<subfield code="0">(DE-588)4000464-8</subfield>
<subfield code="0">https://d-nb.info/gnd/4000464-8</subfield>
<subfield code="0">(DE-101)040004643</subfield>
<subfield code="D">s</subfield>
<subfield code="a">Adel</subfield>
</datafield>
<datafield ind1="0" ind2="2" tag="689">
<subfield code="0">(DE-588)4073136-4</subfield>
<subfield code="0">https://d-nb.info/gnd/4073136-4</subfield>
<subfield code="0">(DE-101)040731367</subfield>
<subfield code="D">s</subfield>
<subfield code="a">Justiz</subfield>
</datafield>
<datafield ind1="0" ind2="3" tag="689">
<subfield code="0">(DE-588)4139924-9</subfield>
<subfield code="0">https://d-nb.info/gnd/4139924-9</subfield>
<subfield code="0">(DE-101)041399242</subfield>
<subfield code="D">s</subfield>
<subfield code="a">Rechtssystem</subfield>
</datafield>
<datafield ind1="0" ind2="4" tag="689">
<subfield code="0">(DE-588)4120755-5</subfield>
<subfield code="0">https://d-nb.info/gnd/4120755-5</subfield>
<subfield code="0">(DE-101)041207556</subfield>
<subfield code="D">s</subfield>
<subfield code="a">Modernisierung</subfield>
</datafield>
<datafield ind1="0" ind2="5" tag="689">
<subfield code="0">(DE-588)4127678-4</subfield>
<subfield code="0">https://d-nb.info/gnd/4127678-4</subfield>
<subfield code="0">(DE-101)041276787</subfield>
<subfield code="D">s</subfield>
<subfield code="a">Institutionalisierung</subfield>
</datafield>
<datafield ind1="0" ind2="6" tag="689">
<subfield code="A">z</subfield>
<subfield code="a">Geschichte 1500-1600</subfield>
</datafield>
<datafield ind1="0" ind2=" " tag="689">
<subfield code="5">DE-101</subfield>
<subfield code="5">DE-101</subfield>
</datafield>
<datafield ind1=" " ind2="0" tag="830">
<subfield code="a">Frühneuzeit-Forschungen</subfield>
<subfield code="v">Bd. 20</subfield>
<subfield code="w">(DE-101)019305729</subfield>
<subfield code="w">(DE-600)1436531-5</subfield>
<subfield code="9">220</subfield>
<subfield code="7">as</subfield>
</datafield>
<datafield ind1=" " ind2=" " tag="850">
<subfield code="a">DE-101a</subfield>
<subfield code="a">DE-101b</subfield>
</datafield>
<datafield ind1="4" ind2="2" tag="856">
<subfield code="m">B:DE-101</subfield>
<subfield code="q">application/pdf</subfield>
<subfield code="u">https://d-nb.info/1059420406/04</subfield>
<subfield code="3">Inhaltsverzeichnis</subfield>
</datafield>
<datafield ind1="r" ind2=" " tag="925">
<subfield code="a">ra</subfield>
</datafield>
</record>