<record type="Bibliographic" xmlns="http://www.loc.gov/MARC21/slim">
<leader>00000pam a2200000 c 4500</leader>
<controlfield tag="001">1051274443</controlfield>
<controlfield tag="003">DE-101</controlfield>
<controlfield tag="005">20171203181815.0</controlfield>
<controlfield tag="007">tu</controlfield>
<controlfield tag="008">140519s2014    gw ||||| |||| 00||||ger  </controlfield>
<datafield ind1=" " ind2=" " tag="015">
<subfield code="a">14,A43</subfield>
<subfield code="z">14,N22</subfield>
<subfield code="2">dnb</subfield>
</datafield>
<datafield ind1="7" ind2=" " tag="016">
<subfield code="2">DE-101</subfield>
<subfield code="a">1051274443</subfield>
</datafield>
<datafield ind1=" " ind2=" " tag="020">
<subfield code="a">9783534264674</subfield>
<subfield code="c">Pp. : EUR 49.95 (DE), EUR 51.40 (AT), sfr 66.90 (freier Pr.)</subfield>
<subfield code="9">978-3-534-26467-4</subfield>
</datafield>
<datafield ind1=" " ind2=" " tag="020">
<subfield code="a">3534264673</subfield>
<subfield code="9">3-534-26467-3</subfield>
</datafield>
<datafield ind1="3" ind2=" " tag="024">
<subfield code="a">9783534264674</subfield>
</datafield>
<datafield ind1=" " ind2=" " tag="035">
<subfield code="a">(DE-599)DNB1051274443</subfield>
</datafield>
<datafield ind1=" " ind2=" " tag="035">
<subfield code="a">(OCoLC)880717022</subfield>
</datafield>
<datafield ind1=" " ind2=" " tag="040">
<subfield code="a">1245</subfield>
<subfield code="b">ger</subfield>
<subfield code="c">DE-101</subfield>
<subfield code="d">9999</subfield>
</datafield>
<datafield ind1=" " ind2=" " tag="041">
<subfield code="a">ger</subfield>
</datafield>
<datafield ind1=" " ind2=" " tag="044">
<subfield code="c">XA-DE-HE</subfield>
</datafield>
<datafield ind1="0" ind2="4" tag="082">
<subfield code="8">1\u</subfield>
<subfield code="a">940.1</subfield>
<subfield code="q">DE-101</subfield>
<subfield code="2">22/ger</subfield>
</datafield>
<datafield ind1="7" ind2=" " tag="083">
<subfield code="a">940</subfield>
<subfield code="q">DE-101</subfield>
<subfield code="2">23sdnb</subfield>
</datafield>
<datafield ind1=" " ind2=" " tag="085">
<subfield code="8">1\u</subfield>
<subfield code="b">940.1</subfield>
</datafield>
<datafield ind1=" " ind2=" " tag="090">
<subfield code="a">b</subfield>
</datafield>
<datafield ind1="1" ind2=" " tag="100">
<subfield code="0">(DE-588)115513205</subfield>
<subfield code="0">https://d-nb.info/gnd/115513205</subfield>
<subfield code="0">(DE-101)115513205</subfield>
<subfield code="a">Althoff, Gerd</subfield>
<subfield code="d">1943-</subfield>
<subfield code="e">Verfasser</subfield>
<subfield code="4">aut</subfield>
<subfield code="2">gnd</subfield>
</datafield>
<datafield ind1="1" ind2="0" tag="245">
<subfield code="a">Spiegelregeln [Spielregeln] der Politik im Mittelalter</subfield>
<subfield code="b">Kommunikation in Frieden und Fehde</subfield>
<subfield code="c">Gerd Althoff</subfield>
</datafield>
<datafield ind1=" " ind2=" " tag="250">
<subfield code="a">2., um ein Nachw. erg. Aufl.</subfield>
</datafield>
<datafield ind1=" " ind2=" " tag="259">
<subfield code="a">12</subfield>
</datafield>
<datafield ind1=" " ind2="1" tag="264">
<subfield code="a">Darmstadt</subfield>
<subfield code="b">WBG (Wiss. Buchges.)</subfield>
<subfield code="c">2014</subfield>
</datafield>
<datafield ind1=" " ind2=" " tag="300">
<subfield code="a">VI, 404 S.</subfield>
<subfield code="b">Ill.</subfield>
<subfield code="c">23 cm</subfield>
</datafield>
<datafield ind1=" " ind2=" " tag="336">
<subfield code="a">Text</subfield>
<subfield code="b">txt</subfield>
<subfield code="2">rdacontent</subfield>
</datafield>
<datafield ind1=" " ind2=" " tag="337">
<subfield code="a">ohne Hilfsmittel zu benutzen</subfield>
<subfield code="b">n</subfield>
<subfield code="2">rdamedia</subfield>
</datafield>
<datafield ind1=" " ind2=" " tag="338">
<subfield code="a">Band</subfield>
<subfield code="b">nc</subfield>
<subfield code="2">rdacarrier</subfield>
</datafield>
<datafield ind1=" " ind2=" " tag="500">
<subfield code="a">Literaturangaben</subfield>
</datafield>
<datafield ind1=" " ind2="7" tag="648">
<subfield code="a">Geschichte 500-1500</subfield>
<subfield code="9">rswk-swf</subfield>
<subfield code="2">gnd</subfield>
</datafield>
<datafield ind1=" " ind2="7" tag="650">
<subfield code="0">(DE-588)4276243-1</subfield>
<subfield code="0">https://d-nb.info/gnd/4276243-1</subfield>
<subfield code="0">(DE-101)04276243X</subfield>
<subfield code="a">Öffentliche Ordnung</subfield>
<subfield code="9">rswk-swf</subfield>
<subfield code="2">gnd</subfield>
</datafield>
<datafield ind1=" " ind2="7" tag="650">
<subfield code="0">(DE-588)4164958-8</subfield>
<subfield code="0">https://d-nb.info/gnd/4164958-8</subfield>
<subfield code="0">(DE-101)041649583</subfield>
<subfield code="a">Konfliktregelung</subfield>
<subfield code="9">rswk-swf</subfield>
<subfield code="2">gnd</subfield>
</datafield>
<datafield ind1=" " ind2=" " tag="653">
<subfield code="a">(Produktform)Hardback</subfield>
</datafield>
<datafield ind1=" " ind2=" " tag="653">
<subfield code="a">(VLB-WN)1554: Hardcover, Softcover / Geschichte/Mittelalter</subfield>
</datafield>
<datafield ind1=" " ind2=" " tag="653">
<subfield code="a">(Zielgruppe)Allgemein</subfield>
</datafield>
<datafield ind1=" " ind2=" " tag="653">
<subfield code="a">(Publisher’s own category code)Wissen Sachbuch</subfield>
</datafield>
<datafield ind1="0" ind2="0" tag="689">
<subfield code="0">(DE-588)4276243-1</subfield>
<subfield code="0">https://d-nb.info/gnd/4276243-1</subfield>
<subfield code="0">(DE-101)04276243X</subfield>
<subfield code="D">s</subfield>
<subfield code="a">Öffentliche Ordnung</subfield>
</datafield>
<datafield ind1="0" ind2="1" tag="689">
<subfield code="0">(DE-588)4164958-8</subfield>
<subfield code="0">https://d-nb.info/gnd/4164958-8</subfield>
<subfield code="0">(DE-101)041649583</subfield>
<subfield code="D">s</subfield>
<subfield code="a">Konfliktregelung</subfield>
</datafield>
<datafield ind1="0" ind2="2" tag="689">
<subfield code="A">z</subfield>
<subfield code="a">Geschichte 500-1500</subfield>
</datafield>
<datafield ind1="0" ind2=" " tag="689">
<subfield code="5">DE-101</subfield>
<subfield code="5">DE-101</subfield>
</datafield>
<datafield ind1="0" ind2="0" tag="780">
<subfield code="i">Fortsetzung von</subfield>
<subfield code="n">Vorgänger</subfield>
<subfield code="z">9783534129973</subfield>
</datafield>
<datafield ind1=" " ind2=" " tag="850">
<subfield code="a">DE-101a</subfield>
<subfield code="a">DE-101b</subfield>
</datafield>
<datafield ind1="4" ind2="2" tag="856">
<subfield code="m">B:DE-101</subfield>
<subfield code="q">application/pdf</subfield>
<subfield code="u">https://d-nb.info/1051274443/04</subfield>
<subfield code="3">Inhaltsverzeichnis</subfield>
</datafield>
<datafield ind1="4" ind2="2" tag="856">
<subfield code="m">X:MVB</subfield>
<subfield code="q">text/html</subfield>
<subfield code="u">http://deposit.dnb.de/cgi-bin/dokserv?id=4672004&amp;prov=M&amp;dok_var=1&amp;dok_ext=htm</subfield>
<subfield code="3">Inhaltstext</subfield>
</datafield>
<datafield ind1="r" ind2=" " tag="925">
<subfield code="a">ra</subfield>
</datafield>
</record>