<record type="Bibliographic" xmlns="http://www.loc.gov/MARC21/slim">
<leader>00000nam a2200000uc 4500</leader>
<controlfield tag="001">1182785867</controlfield>
<controlfield tag="003">DE-101</controlfield>
<controlfield tag="005">20190408181757.0</controlfield>
<controlfield tag="007">cr||||||||||||</controlfield>
<controlfield tag="008">190406s2012    gw |||||o|||| 00||||ger  </controlfield>
<datafield ind1=" " ind2=" " tag="015">
<subfield code="a">19,O05</subfield>
<subfield code="2">dnb</subfield>
</datafield>
<datafield ind1="7" ind2=" " tag="016">
<subfield code="2">DE-101</subfield>
<subfield code="a">1182785867</subfield>
</datafield>
<datafield ind1=" " ind2=" " tag="020">
<subfield code="a">9783656152002</subfield>
<subfield code="9">978-3-656-15200-2</subfield>
</datafield>
<datafield ind1="3" ind2=" " tag="024">
<subfield code="a">9783656152002</subfield>
</datafield>
<datafield ind1="7" ind2=" " tag="024">
<subfield code="2">urn</subfield>
<subfield code="a">urn:nbn:de:101:1-2019040614024104333124</subfield>
</datafield>
<datafield ind1=" " ind2=" " tag="035">
<subfield code="a">(DE-599)DNB1182785867</subfield>
</datafield>
<datafield ind1=" " ind2=" " tag="035">
<subfield code="a">(OCoLC)904846384</subfield>
</datafield>
<datafield ind1=" " ind2=" " tag="040">
<subfield code="a">1240</subfield>
<subfield code="b">ger</subfield>
<subfield code="c">DE-101</subfield>
<subfield code="d">9999</subfield>
</datafield>
<datafield ind1=" " ind2=" " tag="041">
<subfield code="a">ger</subfield>
</datafield>
<datafield ind1=" " ind2=" " tag="044">
<subfield code="c">XA-DE-BY</subfield>
</datafield>
<datafield ind1="7" ind2="4" tag="082">
<subfield code="8">5\p</subfield>
<subfield code="a">940</subfield>
<subfield code="q">DE-101</subfield>
<subfield code="2">23sdnb</subfield>
</datafield>
<datafield ind1="1" ind2=" " tag="100">
<subfield code="a">Göpfert, Cosima</subfield>
<subfield code="e">Verfasser</subfield>
<subfield code="4">aut</subfield>
</datafield>
<datafield ind1="1" ind2="0" tag="245">
<subfield code="a">Die Liudolfinger in Thüringen im ausgehenden 9. und beginnenden 10. Jahrhundert</subfield>
<subfield code="b">Machtpolitische Verschiebungen mit Blick auf das Kloster Hersfeld und die Babenberger Fehde</subfield>
<subfield code="c">Cosima Göpfert</subfield>
</datafield>
<datafield ind1=" " ind2=" " tag="250">
<subfield code="a">1. Auflage, digitale Originalausgabe</subfield>
</datafield>
<datafield ind1=" " ind2=" " tag="259">
<subfield code="a">11</subfield>
</datafield>
<datafield ind1=" " ind2="1" tag="264">
<subfield code="a">München</subfield>
<subfield code="b">GRIN Verlag</subfield>
<subfield code="c">2012</subfield>
</datafield>
<datafield ind1=" " ind2=" " tag="300">
<subfield code="a">Online-Ressource, 20 Seiten</subfield>
</datafield>
<datafield ind1=" " ind2=" " tag="336">
<subfield code="a">Text</subfield>
<subfield code="b">txt</subfield>
<subfield code="2">rdacontent</subfield>
</datafield>
<datafield ind1=" " ind2=" " tag="337">
<subfield code="a">Computermedien</subfield>
<subfield code="b">c</subfield>
<subfield code="2">rdamedia</subfield>
</datafield>
<datafield ind1=" " ind2=" " tag="338">
<subfield code="a">Online-Ressource</subfield>
<subfield code="b">cr</subfield>
<subfield code="2">rdacarrier</subfield>
</datafield>
<datafield ind1=" " ind2=" " tag="500">
<subfield code="a">Vom Verlag als Druckwerk on demand und/oder als E-Book angeboten</subfield>
</datafield>
<datafield ind1="1" ind2=" " tag="583">
<subfield code="a">Archivierung/Langzeitarchivierung gewährleistet</subfield>
<subfield code="5">DE-101</subfield>
<subfield code="2">pdager</subfield>
</datafield>
<datafield ind1="3" ind2="7" tag="600">
<subfield code="8">2\p</subfield>
<subfield code="0">(DE-588)118651412</subfield>
<subfield code="0">https://d-nb.info/gnd/118651412</subfield>
<subfield code="0">(DE-101)118651412</subfield>
<subfield code="a">Babenberger</subfield>
<subfield code="c">Familie, Jüngere Linie</subfield>
<subfield code="d">ca. ab dem 10 Jh.</subfield>
<subfield code="2">gnd</subfield>
</datafield>
<datafield ind1="3" ind2="7" tag="600">
<subfield code="8">3\p</subfield>
<subfield code="0">(DE-588)118913433</subfield>
<subfield code="0">https://d-nb.info/gnd/118913433</subfield>
<subfield code="0">(DE-101)118913433</subfield>
<subfield code="a">Konradiner</subfield>
<subfield code="2">gnd</subfield>
</datafield>
<datafield ind1=" " ind2="7" tag="651">
<subfield code="8">1\p</subfield>
<subfield code="0">(DE-588)4059979-6</subfield>
<subfield code="0">https://d-nb.info/gnd/4059979-6</subfield>
<subfield code="0">(DE-101)040599795</subfield>
<subfield code="a">Thüringen</subfield>
<subfield code="2">gnd</subfield>
</datafield>
<datafield ind1=" " ind2="7" tag="651">
<subfield code="8">4\p</subfield>
<subfield code="0">(DE-588)4024607-3</subfield>
<subfield code="0">https://d-nb.info/gnd/4024607-3</subfield>
<subfield code="0">(DE-101)040246078</subfield>
<subfield code="a">Bad Hersfeld</subfield>
<subfield code="2">gnd</subfield>
</datafield>
<datafield ind1=" " ind2=" " tag="653">
<subfield code="a">(Produktform)Electronic book text</subfield>
</datafield>
<datafield ind1=" " ind2=" " tag="653">
<subfield code="a">(BISAC Subject Heading)HIS010000: HISTORY / Europe / General</subfield>
</datafield>
<datafield ind1=" " ind2=" " tag="653">
<subfield code="a">liudolfinger;thüringen;jahrhundert;machtpolitische;verschiebungen;blick;kloster;hersfeld;babenberger;fehde</subfield>
</datafield>
<datafield ind1=" " ind2=" " tag="653">
<subfield code="a">(VLB-WN)9554: Geschichte / Mittelalter</subfield>
</datafield>
<datafield ind1="0" ind2="8" tag="776">
<subfield code="i">Erscheint auch als</subfield>
<subfield code="n">Druck-Ausgabe</subfield>
<subfield code="z">9783656151999</subfield>
</datafield>
<datafield ind1=" " ind2=" " tag="850">
<subfield code="a">DE-101a</subfield>
<subfield code="a">DE-101b</subfield>
</datafield>
<datafield ind1="4" ind2="0" tag="856">
<subfield code="u">https://nbn-resolving.org/urn:nbn:de:101:1-2019040614024104333124</subfield>
<subfield code="x">Resolving-System</subfield>
</datafield>
<datafield ind1=" " ind2="0" tag="856">
<subfield code="u">https://d-nb.info/1182785867/34</subfield>
<subfield code="x">Langzeitarchivierung Nationalbibliothek</subfield>
</datafield>
<datafield ind1="4" ind2=" " tag="856">
<subfield code="q">application/pdf</subfield>
<subfield code="u">https://www.grin.com/document/190683</subfield>
<subfield code="x">Verlag</subfield>
</datafield>
<datafield ind1="0" ind2=" " tag="883">
<subfield code="8">1\p</subfield>
<subfield code="a">aepgnd</subfield>
<subfield code="c">0,33333</subfield>
<subfield code="d">20190407</subfield>
<subfield code="q">DE-101</subfield>
<subfield code="u">https://d-nb.info/provenance/plan#aepgnd</subfield>
</datafield>
<datafield ind1="0" ind2=" " tag="883">
<subfield code="8">2\p</subfield>
<subfield code="a">aepgnd</subfield>
<subfield code="c">0,14286</subfield>
<subfield code="d">20190407</subfield>
<subfield code="q">DE-101</subfield>
<subfield code="u">https://d-nb.info/provenance/plan#aepgnd</subfield>
</datafield>
<datafield ind1="0" ind2=" " tag="883">
<subfield code="8">3\p</subfield>
<subfield code="a">aepgnd</subfield>
<subfield code="c">0,08445</subfield>
<subfield code="d">20190407</subfield>
<subfield code="q">DE-101</subfield>
<subfield code="u">https://d-nb.info/provenance/plan#aepgnd</subfield>
</datafield>
<datafield ind1="0" ind2=" " tag="883">
<subfield code="8">4\p</subfield>
<subfield code="a">aepgnd</subfield>
<subfield code="c">0,05042</subfield>
<subfield code="d">20190407</subfield>
<subfield code="q">DE-101</subfield>
<subfield code="u">https://d-nb.info/provenance/plan#aepgnd</subfield>
</datafield>
<datafield ind1="0" ind2=" " tag="883">
<subfield code="8">5\p</subfield>
<subfield code="a">aepsg</subfield>
<subfield code="c">0,95466</subfield>
<subfield code="d">20190407</subfield>
<subfield code="q">DE-101</subfield>
<subfield code="u">https://d-nb.info/provenance/plan#aepsg</subfield>
</datafield>
<datafield ind1="r" ind2=" " tag="925">
<subfield code="a">ro</subfield>
<subfield code="a">ra</subfield>
</datafield>
<datafield ind1="p" ind2=" " tag="925">
<subfield code="a">pd</subfield>
</datafield>
<datafield ind1="2" ind2=" " tag="926">
<subfield code="a">1D</subfield>
<subfield code="o">94</subfield>
<subfield code="v">1.2</subfield>
<subfield code="x">Europe</subfield>
</datafield>
<datafield ind1="2" ind2=" " tag="926">
<subfield code="a">NHD</subfield>
<subfield code="o">93</subfield>
<subfield code="v">1.2</subfield>
<subfield code="x">European history</subfield>
</datafield>
<datafield ind1=" " ind2=" " tag="927">
<subfield code="a">114196480</subfield>
</datafield>
</record>