<record type="Bibliographic" xmlns="http://www.loc.gov/MARC21/slim">
<leader>00000nam a2200000uc 4500</leader>
<controlfield tag="001">1067706461</controlfield>
<controlfield tag="003">DE-101</controlfield>
<controlfield tag="005">20210429164635.0</controlfield>
<controlfield tag="007">cr||||||||||||</controlfield>
<controlfield tag="008">150227s2012    gw |||||o|||| 00||||ger  </controlfield>
<datafield ind1=" " ind2=" " tag="015">
<subfield code="a">15,O03</subfield>
<subfield code="2">dnb</subfield>
</datafield>
<datafield ind1="7" ind2=" " tag="016">
<subfield code="2">DE-101</subfield>
<subfield code="a">1067706461</subfield>
</datafield>
<datafield ind1="3" ind2=" " tag="024">
<subfield code="a">9783656152002</subfield>
</datafield>
<datafield ind1="7" ind2=" " tag="024">
<subfield code="2">urn</subfield>
<subfield code="a">urn:nbn:de:101:1-2015022720052</subfield>
</datafield>
<datafield ind1=" " ind2=" " tag="035">
<subfield code="a">(DE-599)DNB1067706461</subfield>
</datafield>
<datafield ind1=" " ind2=" " tag="035">
<subfield code="a">(OCoLC)904846384</subfield>
</datafield>
<datafield ind1=" " ind2=" " tag="040">
<subfield code="a">1240</subfield>
<subfield code="b">ger</subfield>
<subfield code="c">DE-101</subfield>
<subfield code="d">9999</subfield>
</datafield>
<datafield ind1=" " ind2=" " tag="041">
<subfield code="a">ger</subfield>
</datafield>
<datafield ind1=" " ind2=" " tag="044">
<subfield code="c">XA-DE-BY</subfield>
</datafield>
<datafield ind1="7" ind2="4" tag="082">
<subfield code="8">12\p</subfield>
<subfield code="a">943</subfield>
<subfield code="q">DE-101</subfield>
<subfield code="2">23sdnb</subfield>
</datafield>
<datafield ind1="1" ind2=" " tag="100">
<subfield code="8">1\p</subfield>
<subfield code="a">Göpfert, Cosima</subfield>
<subfield code="e">Verfasser</subfield>
<subfield code="4">aut</subfield>
</datafield>
<datafield ind1="1" ind2="0" tag="245">
<subfield code="a">Die Liudolfinger in Thüringen im ausgehenden 9. und beginnenden 10. Jahrhundert</subfield>
<subfield code="b">Machtpolitische Verschiebungen mit Blick auf das Kloster Hersfeld und die Babenberger Fehde</subfield>
<subfield code="c">Cosima Göpfert</subfield>
</datafield>
<datafield ind1=" " ind2=" " tag="250">
<subfield code="a">1. Auflage</subfield>
</datafield>
<datafield ind1=" " ind2=" " tag="259">
<subfield code="a">11</subfield>
</datafield>
<datafield ind1=" " ind2="1" tag="264">
<subfield code="a">München</subfield>
<subfield code="b">GRIN Verlag GmbH</subfield>
<subfield code="c">2012</subfield>
</datafield>
<datafield ind1=" " ind2=" " tag="300">
<subfield code="a">Online-Ressource</subfield>
</datafield>
<datafield ind1=" " ind2=" " tag="336">
<subfield code="a">Text</subfield>
<subfield code="b">txt</subfield>
<subfield code="2">rdacontent</subfield>
</datafield>
<datafield ind1=" " ind2=" " tag="337">
<subfield code="a">Computermedien</subfield>
<subfield code="b">c</subfield>
<subfield code="2">rdamedia</subfield>
</datafield>
<datafield ind1=" " ind2=" " tag="338">
<subfield code="a">Online-Ressource</subfield>
<subfield code="b">cr</subfield>
<subfield code="2">rdacarrier</subfield>
</datafield>
<datafield ind1=" " ind2=" " tag="500">
<subfield code="a">Lizenzpflichtig. - Vom Verlag als Druckwerk on demand und/oder als E-Book angeboten</subfield>
</datafield>
<datafield ind1="1" ind2=" " tag="583">
<subfield code="a">Archivierung/Langzeitarchivierung gewährleistet</subfield>
<subfield code="5">DE-101</subfield>
<subfield code="2">pdager</subfield>
</datafield>
<datafield ind1="3" ind2="7" tag="600">
<subfield code="8">2\p</subfield>
<subfield code="0">(DE-588)118651412</subfield>
<subfield code="0">https://d-nb.info/gnd/118651412</subfield>
<subfield code="0">(DE-101)118651412</subfield>
<subfield code="a">Babenberger</subfield>
<subfield code="c">Familie, Jüngere Linie</subfield>
<subfield code="d">ca. ab dem 10 Jh.</subfield>
<subfield code="2">gnd</subfield>
</datafield>
<datafield ind1="3" ind2="7" tag="600">
<subfield code="8">4\p</subfield>
<subfield code="0">(DE-588)118913433</subfield>
<subfield code="0">https://d-nb.info/gnd/118913433</subfield>
<subfield code="0">(DE-101)118913433</subfield>
<subfield code="a">Konradiner</subfield>
<subfield code="2">gnd</subfield>
</datafield>
<datafield ind1="0" ind2="7" tag="600">
<subfield code="8">6\p</subfield>
<subfield code="0">(DE-588)119486849</subfield>
<subfield code="0">https://d-nb.info/gnd/119486849</subfield>
<subfield code="0">(DE-101)119486849</subfield>
<subfield code="a">Otto</subfield>
<subfield code="b">II.</subfield>
<subfield code="c">Pfalz, Pfalzgraf bei Rhein, Kurfürst</subfield>
<subfield code="d">1206-1253</subfield>
<subfield code="2">gnd</subfield>
</datafield>
<datafield ind1="0" ind2="7" tag="600">
<subfield code="8">7\p</subfield>
<subfield code="0">(DE-588)136150748</subfield>
<subfield code="0">https://d-nb.info/gnd/136150748</subfield>
<subfield code="0">(DE-101)136150748</subfield>
<subfield code="a">Egino</subfield>
<subfield code="d">-1236</subfield>
<subfield code="2">gnd</subfield>
</datafield>
<datafield ind1="0" ind2="7" tag="600">
<subfield code="8">8\p</subfield>
<subfield code="0">(DE-588)118650440</subfield>
<subfield code="0">https://d-nb.info/gnd/118650440</subfield>
<subfield code="0">(DE-101)118650440</subfield>
<subfield code="a">Arnulf</subfield>
<subfield code="c">Heiliges Römisches Reich, Kaiser</subfield>
<subfield code="d">850-899</subfield>
<subfield code="2">gnd</subfield>
</datafield>
<datafield ind1="3" ind2="7" tag="600">
<subfield code="8">9\p</subfield>
<subfield code="0">(DE-588)118728628</subfield>
<subfield code="0">https://d-nb.info/gnd/118728628</subfield>
<subfield code="0">(DE-101)118728628</subfield>
<subfield code="a">Liudolfinger</subfield>
<subfield code="c">Familie</subfield>
<subfield code="d">ca. ab 9. Jh.</subfield>
<subfield code="2">gnd</subfield>
</datafield>
<datafield ind1="0" ind2="7" tag="600">
<subfield code="8">10\p</subfield>
<subfield code="0">(DE-588)123076013</subfield>
<subfield code="0">https://d-nb.info/gnd/123076013</subfield>
<subfield code="0">(DE-101)123076013</subfield>
<subfield code="a">Babenberger</subfield>
<subfield code="c">Familie, Ältere Linie</subfield>
<subfield code="d">ca. 819-906</subfield>
<subfield code="2">gnd</subfield>
</datafield>
<datafield ind1="3" ind2="7" tag="600">
<subfield code="8">11\p</subfield>
<subfield code="0">(DE-588)11858118X</subfield>
<subfield code="0">https://d-nb.info/gnd/11858118X</subfield>
<subfield code="0">(DE-101)11858118X</subfield>
<subfield code="a">Merowinger</subfield>
<subfield code="c">Dynastie : 400-751</subfield>
<subfield code="2">gnd</subfield>
</datafield>
<datafield ind1=" " ind2="7" tag="650">
<subfield code="8">5\p</subfield>
<subfield code="0">(DE-588)4031516-2</subfield>
<subfield code="0">https://d-nb.info/gnd/4031516-2</subfield>
<subfield code="0">(DE-101)040315169</subfield>
<subfield code="a">König</subfield>
<subfield code="2">gnd</subfield>
</datafield>
<datafield ind1=" " ind2="7" tag="651">
<subfield code="8">3\p</subfield>
<subfield code="0">(DE-588)4059979-6</subfield>
<subfield code="0">https://d-nb.info/gnd/4059979-6</subfield>
<subfield code="0">(DE-101)040599795</subfield>
<subfield code="a">Thüringen</subfield>
<subfield code="2">gnd</subfield>
</datafield>
<datafield ind1=" " ind2=" " tag="653">
<subfield code="a">(Produktform)Electronic book text</subfield>
</datafield>
<datafield ind1=" " ind2=" " tag="653">
<subfield code="a">(BISAC Subject Heading)HIS010000</subfield>
</datafield>
<datafield ind1=" " ind2=" " tag="653">
<subfield code="a">liudolfinger;thueringen;jahrhundert;machtpolitische;verschiebungen;blick;kloster;hersfeld;babenberger;fehde</subfield>
</datafield>
<datafield ind1=" " ind2=" " tag="653">
<subfield code="a">(VLB-WN)9554</subfield>
</datafield>
<datafield ind1="0" ind2="8" tag="776">
<subfield code="i">Erscheint auch als</subfield>
<subfield code="n">Druck-Ausgabe</subfield>
<subfield code="z">9783656151999</subfield>
</datafield>
<datafield ind1=" " ind2=" " tag="850">
<subfield code="a">DE-101a</subfield>
<subfield code="a">DE-101b</subfield>
</datafield>
<datafield ind1="4" ind2="0" tag="856">
<subfield code="u">https://nbn-resolving.org/urn:nbn:de:101:1-2015022720052</subfield>
<subfield code="x">Resolving-System</subfield>
</datafield>
<datafield ind1=" " ind2="0" tag="856">
<subfield code="u">https://d-nb.info/1067706461/34</subfield>
<subfield code="x">Langzeitarchivierung Nationalbibliothek</subfield>
</datafield>
<datafield ind1="4" ind2=" " tag="856">
<subfield code="q">application/pdf</subfield>
<subfield code="u">http://www.grin.com/de/e-book/190683/die-liudolfinger-in-thueringen-im-ausgehenden-9-und-beginnenden-10-jahrhundert</subfield>
<subfield code="x">Verlag</subfield>
</datafield>
<datafield ind1="4" ind2="2" tag="856">
<subfield code="m">X:NP</subfield>
<subfield code="q">text/html</subfield>
<subfield code="u">http://www.grin.com/de/e-book/190683/die-liudolfinger-in-thueringen-im-ausgehenden-9-und-beginnenden-10-jahrhundert</subfield>
<subfield code="3">Ausführliche Beschreibung</subfield>
</datafield>
<datafield ind1="1" ind2=" " tag="883">
<subfield code="8">1\p</subfield>
<subfield code="a">npi</subfield>
<subfield code="d">20200611</subfield>
<subfield code="q">DE-101</subfield>
<subfield code="u">https://d-nb.info/provenance/plan#npi</subfield>
</datafield>
<datafield ind1="0" ind2=" " tag="883">
<subfield code="8">2\p</subfield>
<subfield code="a">aepgnd</subfield>
<subfield code="c">0,143</subfield>
<subfield code="d">20160514</subfield>
<subfield code="q">DE-101</subfield>
<subfield code="u">https://d-nb.info/provenance/plan#aepgnd</subfield>
</datafield>
<datafield ind1="0" ind2=" " tag="883">
<subfield code="8">3\p</subfield>
<subfield code="a">aepgnd</subfield>
<subfield code="c">0,024</subfield>
<subfield code="d">20160514</subfield>
<subfield code="q">DE-101</subfield>
<subfield code="u">https://d-nb.info/provenance/plan#aepgnd</subfield>
</datafield>
<datafield ind1="0" ind2=" " tag="883">
<subfield code="8">4\p</subfield>
<subfield code="a">aepgnd</subfield>
<subfield code="c">0,012</subfield>
<subfield code="d">20160514</subfield>
<subfield code="q">DE-101</subfield>
<subfield code="u">https://d-nb.info/provenance/plan#aepgnd</subfield>
</datafield>
<datafield ind1="0" ind2=" " tag="883">
<subfield code="8">5\p</subfield>
<subfield code="a">aepgnd</subfield>
<subfield code="c">0,008</subfield>
<subfield code="d">20160514</subfield>
<subfield code="q">DE-101</subfield>
<subfield code="u">https://d-nb.info/provenance/plan#aepgnd</subfield>
</datafield>
<datafield ind1="0" ind2=" " tag="883">
<subfield code="8">6\p</subfield>
<subfield code="a">aepgnd</subfield>
<subfield code="c">0,007</subfield>
<subfield code="d">20160514</subfield>
<subfield code="q">DE-101</subfield>
<subfield code="u">https://d-nb.info/provenance/plan#aepgnd</subfield>
</datafield>
<datafield ind1="0" ind2=" " tag="883">
<subfield code="8">7\p</subfield>
<subfield code="a">aepgnd</subfield>
<subfield code="c">0,005</subfield>
<subfield code="d">20160514</subfield>
<subfield code="q">DE-101</subfield>
<subfield code="u">https://d-nb.info/provenance/plan#aepgnd</subfield>
</datafield>
<datafield ind1="0" ind2=" " tag="883">
<subfield code="8">8\p</subfield>
<subfield code="a">aepgnd</subfield>
<subfield code="c">0,005</subfield>
<subfield code="d">20160514</subfield>
<subfield code="q">DE-101</subfield>
<subfield code="u">https://d-nb.info/provenance/plan#aepgnd</subfield>
</datafield>
<datafield ind1="0" ind2=" " tag="883">
<subfield code="8">9\p</subfield>
<subfield code="a">aepgnd</subfield>
<subfield code="c">0,004</subfield>
<subfield code="d">20160514</subfield>
<subfield code="q">DE-101</subfield>
<subfield code="u">https://d-nb.info/provenance/plan#aepgnd</subfield>
</datafield>
<datafield ind1="0" ind2=" " tag="883">
<subfield code="8">10\p</subfield>
<subfield code="a">aepgnd</subfield>
<subfield code="c">0,004</subfield>
<subfield code="d">20160514</subfield>
<subfield code="q">DE-101</subfield>
<subfield code="u">https://d-nb.info/provenance/plan#aepgnd</subfield>
</datafield>
<datafield ind1="0" ind2=" " tag="883">
<subfield code="8">11\p</subfield>
<subfield code="a">aepgnd</subfield>
<subfield code="c">0,003</subfield>
<subfield code="d">20160514</subfield>
<subfield code="q">DE-101</subfield>
<subfield code="u">https://d-nb.info/provenance/plan#aepgnd</subfield>
</datafield>
<datafield ind1="0" ind2=" " tag="883">
<subfield code="8">12\p</subfield>
<subfield code="a">aepsg</subfield>
<subfield code="c">0,955</subfield>
<subfield code="d">20150228</subfield>
<subfield code="q">DE-101</subfield>
<subfield code="u">https://d-nb.info/provenance/plan#aepsg</subfield>
</datafield>
<datafield ind1="r" ind2=" " tag="925">
<subfield code="a">ro</subfield>
<subfield code="a">ra</subfield>
</datafield>
<datafield ind1="p" ind2=" " tag="925">
<subfield code="a">pd</subfield>
</datafield>
<datafield ind1=" " ind2=" " tag="927">
<subfield code="a">114196480</subfield>
</datafield>
</record>