<record type="Bibliographic" xmlns="http://www.loc.gov/MARC21/slim">
<leader>00000nam a2200000uc 4500</leader>
<controlfield tag="001">1026967724</controlfield>
<controlfield tag="003">DE-101</controlfield>
<controlfield tag="005">20210928182758.0</controlfield>
<controlfield tag="007">cr||||||||||||</controlfield>
<controlfield tag="008">121018s2012    gw |||||o|||| 00||||ger  </controlfield>
<datafield ind1=" " ind2=" " tag="015">
<subfield code="a">12,O11</subfield>
<subfield code="2">dnb</subfield>
</datafield>
<datafield ind1="7" ind2=" " tag="016">
<subfield code="2">DE-101</subfield>
<subfield code="a">1026967724</subfield>
</datafield>
<datafield ind1=" " ind2=" " tag="020">
<subfield code="a">9783848225521</subfield>
<subfield code="9">978-3-8482-2552-1</subfield>
</datafield>
<datafield ind1="3" ind2=" " tag="024">
<subfield code="a">9783848225521</subfield>
</datafield>
<datafield ind1="7" ind2=" " tag="024">
<subfield code="2">urn</subfield>
<subfield code="a">urn:nbn:de:101:1-201210182185</subfield>
</datafield>
<datafield ind1=" " ind2=" " tag="035">
<subfield code="a">(DE-599)DNB1026967724</subfield>
</datafield>
<datafield ind1=" " ind2=" " tag="035">
<subfield code="a">(OCoLC)864006043</subfield>
</datafield>
<datafield ind1=" " ind2=" " tag="040">
<subfield code="a">1240</subfield>
<subfield code="b">ger</subfield>
<subfield code="c">DE-101</subfield>
<subfield code="d">9999</subfield>
</datafield>
<datafield ind1=" " ind2=" " tag="041">
<subfield code="a">ger</subfield>
</datafield>
<datafield ind1=" " ind2=" " tag="044">
<subfield code="c">XA-DE-SH</subfield>
</datafield>
<datafield ind1="7" ind2="4" tag="082">
<subfield code="8">2\p</subfield>
<subfield code="a">610</subfield>
<subfield code="q">DE-101</subfield>
<subfield code="2">22sdnb</subfield>
</datafield>
<datafield ind1="1" ind2=" " tag="100">
<subfield code="8">1\p</subfield>
<subfield code="a">Panthel, Kerstin</subfield>
<subfield code="e">Verfasser</subfield>
<subfield code="4">aut</subfield>
</datafield>
<datafield ind1="1" ind2="0" tag="245">
<subfield code="a">Fehde der Schattenwelten</subfield>
<subfield code="b">Bruderkrieg</subfield>
<subfield code="c">Kerstin Panthel</subfield>
</datafield>
<datafield ind1=" " ind2="1" tag="264">
<subfield code="a">Norderstedt</subfield>
<subfield code="b">Books on Demand</subfield>
<subfield code="c">2012</subfield>
</datafield>
<datafield ind1=" " ind2=" " tag="300">
<subfield code="a">Online-Ressource</subfield>
</datafield>
<datafield ind1=" " ind2=" " tag="336">
<subfield code="a">Text</subfield>
<subfield code="b">txt</subfield>
<subfield code="2">rdacontent</subfield>
</datafield>
<datafield ind1=" " ind2=" " tag="337">
<subfield code="a">Computermedien</subfield>
<subfield code="b">c</subfield>
<subfield code="2">rdamedia</subfield>
</datafield>
<datafield ind1=" " ind2=" " tag="338">
<subfield code="a">Online-Ressource</subfield>
<subfield code="b">cr</subfield>
<subfield code="2">rdacarrier</subfield>
</datafield>
<datafield ind1=" " ind2=" " tag="500">
<subfield code="a">Lizenzpflichtig. - Vom Verlag als Druckwerk on demand angeboten</subfield>
</datafield>
<datafield ind1="1" ind2=" " tag="583">
<subfield code="a">Archivierung/Langzeitarchivierung gewährleistet</subfield>
<subfield code="5">DE-101</subfield>
<subfield code="2">pdager</subfield>
</datafield>
<datafield ind1=" " ind2=" " tag="653">
<subfield code="a">(Produktform)Electronic book text</subfield>
</datafield>
<datafield ind1=" " ind2=" " tag="653">
<subfield code="a">(VLB-WN)1130</subfield>
</datafield>
<datafield ind1=" " ind2="7" tag="655">
<subfield code="0">(DE-101)1010879995</subfield>
<subfield code="a">Science Fiction, Fantasy</subfield>
<subfield code="2">gatbeg</subfield>
</datafield>
<datafield ind1=" " ind2=" " tag="850">
<subfield code="a">DE-101a</subfield>
<subfield code="a">DE-101b</subfield>
</datafield>
<datafield ind1="4" ind2="0" tag="856">
<subfield code="u">https://nbn-resolving.org/urn:nbn:de:101:1-201210182185</subfield>
<subfield code="x">Resolving-System</subfield>
</datafield>
<datafield ind1=" " ind2="0" tag="856">
<subfield code="u">https://d-nb.info/1026967724/34</subfield>
<subfield code="x">Langzeitarchivierung Nationalbibliothek</subfield>
</datafield>
<datafield ind1="4" ind2=" " tag="856">
<subfield code="u">http://www.bod.de/index.php?id=296&amp;objk_id=882443</subfield>
<subfield code="x">Verlag</subfield>
</datafield>
<datafield ind1="1" ind2=" " tag="883">
<subfield code="8">1\p</subfield>
<subfield code="a">npi</subfield>
<subfield code="d">20200610</subfield>
<subfield code="q">DE-101</subfield>
<subfield code="u">https://d-nb.info/provenance/plan#npi</subfield>
</datafield>
<datafield ind1="0" ind2=" " tag="883">
<subfield code="8">2\p</subfield>
<subfield code="a">aepsg</subfield>
<subfield code="c">0,788</subfield>
<subfield code="d">20121019</subfield>
<subfield code="q">DE-101</subfield>
<subfield code="u">https://d-nb.info/provenance/plan#aepsg</subfield>
</datafield>
<datafield ind1="r" ind2=" " tag="925">
<subfield code="a">ro</subfield>
<subfield code="a">ra</subfield>
</datafield>
<datafield ind1="p" ind2=" " tag="925">
<subfield code="a">pd</subfield>
</datafield>
<datafield ind1=" " ind2=" " tag="927">
<subfield code="a">85524480</subfield>
</datafield>
</record>