<record type="Bibliographic" xmlns="http://www.loc.gov/MARC21/slim">
<leader>00000pam a2200000 c 4500</leader>
<controlfield tag="001">1013997670</controlfield>
<controlfield tag="003">DE-101</controlfield>
<controlfield tag="005">20171202205235.0</controlfield>
<controlfield tag="007">tu</controlfield>
<controlfield tag="008">110802s2011    gw ||||| m||| 00||||ger  </controlfield>
<datafield ind1=" " ind2=" " tag="015">
<subfield code="a">13,A01</subfield>
<subfield code="a">13,H01</subfield>
<subfield code="z">11,N32</subfield>
<subfield code="2">dnb</subfield>
</datafield>
<datafield ind1="7" ind2=" " tag="016">
<subfield code="2">DE-101</subfield>
<subfield code="a">1013997670</subfield>
</datafield>
<datafield ind1=" " ind2=" " tag="020">
<subfield code="a">9783943025026</subfield>
<subfield code="c">kart. : EUR 40.00 (DE)</subfield>
<subfield code="9">978-3-943025-02-6</subfield>
</datafield>
<datafield ind1="3" ind2=" " tag="024">
<subfield code="a">9783943025026</subfield>
</datafield>
<datafield ind1=" " ind2=" " tag="035">
<subfield code="a">(DE-599)DNB1013997670</subfield>
</datafield>
<datafield ind1=" " ind2=" " tag="035">
<subfield code="a">(OCoLC)823305826</subfield>
</datafield>
<datafield ind1=" " ind2=" " tag="040">
<subfield code="a">1245</subfield>
<subfield code="b">ger</subfield>
<subfield code="c">DE-101</subfield>
<subfield code="d">9999</subfield>
</datafield>
<datafield ind1=" " ind2=" " tag="041">
<subfield code="a">ger</subfield>
</datafield>
<datafield ind1=" " ind2=" " tag="044">
<subfield code="c">XA-DE-SH</subfield>
</datafield>
<datafield ind1="0" ind2="4" tag="082">
<subfield code="8">1\u</subfield>
<subfield code="a">340.550943</subfield>
<subfield code="q">DE-101</subfield>
<subfield code="2">22/ger</subfield>
</datafield>
<datafield ind1="0" ind2=" " tag="083">
<subfield code="8">2\u</subfield>
<subfield code="a">364.256</subfield>
<subfield code="q">DE-101</subfield>
<subfield code="2">22/ger</subfield>
</datafield>
<datafield ind1="7" ind2=" " tag="083">
<subfield code="a">340</subfield>
<subfield code="a">360</subfield>
<subfield code="q">DE-101</subfield>
<subfield code="2">22sdnb</subfield>
</datafield>
<datafield ind1=" " ind2=" " tag="085">
<subfield code="8">1\u</subfield>
<subfield code="b">340.55</subfield>
</datafield>
<datafield ind1=" " ind2=" " tag="085">
<subfield code="8">1\u</subfield>
<subfield code="z">2</subfield>
<subfield code="s">43</subfield>
</datafield>
<datafield ind1=" " ind2=" " tag="085">
<subfield code="8">2\u</subfield>
<subfield code="b">364.256</subfield>
</datafield>
<datafield ind1=" " ind2=" " tag="085">
<subfield code="8">2\u</subfield>
<subfield code="z">2</subfield>
<subfield code="s">43</subfield>
</datafield>
<datafield ind1=" " ind2=" " tag="090">
<subfield code="a">b</subfield>
</datafield>
<datafield ind1="1" ind2=" " tag="100">
<subfield code="0">(DE-588)140480803</subfield>
<subfield code="0">https://d-nb.info/gnd/140480803</subfield>
<subfield code="0">(DE-101)140480803</subfield>
<subfield code="a">Karauschek, Erich-René</subfield>
<subfield code="d">1962-</subfield>
<subfield code="e">Verfasser</subfield>
<subfield code="4">aut</subfield>
<subfield code="2">gnd</subfield>
</datafield>
<datafield ind1="1" ind2="0" tag="245">
<subfield code="a">Fehde und Blutrache als Beispiele nichtstaatlicher Konfliktlösung: rechtshistorisch und rechtsanthropologisch</subfield>
<subfield code="c">Erich René Karauscheck</subfield>
</datafield>
<datafield ind1=" " ind2=" " tag="250">
<subfield code="a">1. Aufl.</subfield>
</datafield>
<datafield ind1=" " ind2=" " tag="259">
<subfield code="a">11</subfield>
</datafield>
<datafield ind1=" " ind2="1" tag="264">
<subfield code="a">Kiel</subfield>
<subfield code="b">Solivagus-Verl.</subfield>
<subfield code="c">2011</subfield>
</datafield>
<datafield ind1=" " ind2=" " tag="300">
<subfield code="a">219 S.</subfield>
<subfield code="c">21 cm, 300 gr.</subfield>
</datafield>
<datafield ind1=" " ind2=" " tag="336">
<subfield code="a">Text</subfield>
<subfield code="b">txt</subfield>
<subfield code="2">rdacontent</subfield>
</datafield>
<datafield ind1=" " ind2=" " tag="337">
<subfield code="a">ohne Hilfsmittel zu benutzen</subfield>
<subfield code="b">n</subfield>
<subfield code="2">rdamedia</subfield>
</datafield>
<datafield ind1=" " ind2=" " tag="338">
<subfield code="a">Band</subfield>
<subfield code="b">nc</subfield>
<subfield code="2">rdacarrier</subfield>
</datafield>
<datafield ind1=" " ind2=" " tag="502">
<subfield code="a">Zugl. überarb. Fassung von: Wien, Univ., Diss., 1990</subfield>
</datafield>
<datafield ind1=" " ind2="7" tag="650">
<subfield code="0">(DE-588)4153828-6</subfield>
<subfield code="0">https://d-nb.info/gnd/4153828-6</subfield>
<subfield code="0">(DE-101)041538285</subfield>
<subfield code="a">Fehderecht</subfield>
<subfield code="9">rswk-swf</subfield>
<subfield code="2">gnd</subfield>
</datafield>
<datafield ind1=" " ind2="7" tag="650">
<subfield code="0">(DE-588)4146085-6</subfield>
<subfield code="0">https://d-nb.info/gnd/4146085-6</subfield>
<subfield code="0">(DE-101)041460855</subfield>
<subfield code="a">Blutrache</subfield>
<subfield code="9">rswk-swf</subfield>
<subfield code="2">gnd</subfield>
</datafield>
<datafield ind1=" " ind2="7" tag="650">
<subfield code="0">(DE-588)4153828-6</subfield>
<subfield code="0">https://d-nb.info/gnd/4153828-6</subfield>
<subfield code="0">(DE-101)041538285</subfield>
<subfield code="a">Fehderecht</subfield>
<subfield code="9">rswk-swf</subfield>
<subfield code="2">gnd</subfield>
</datafield>
<datafield ind1=" " ind2="7" tag="650">
<subfield code="0">(DE-588)4146085-6</subfield>
<subfield code="0">https://d-nb.info/gnd/4146085-6</subfield>
<subfield code="0">(DE-101)041460855</subfield>
<subfield code="a">Blutrache</subfield>
<subfield code="9">rswk-swf</subfield>
<subfield code="2">gnd</subfield>
</datafield>
<datafield ind1=" " ind2="7" tag="651">
<subfield code="0">(DE-588)4011882-4</subfield>
<subfield code="0">https://d-nb.info/gnd/4011882-4</subfield>
<subfield code="0">(DE-101)040118827</subfield>
<subfield code="a">Deutschland</subfield>
<subfield code="9">rswk-swf</subfield>
<subfield code="2">gnd</subfield>
</datafield>
<datafield ind1=" " ind2="7" tag="651">
<subfield code="0">(DE-588)4040163-7</subfield>
<subfield code="0">https://d-nb.info/gnd/4040163-7</subfield>
<subfield code="0">(DE-101)040401634</subfield>
<subfield code="a">Montenegro</subfield>
<subfield code="9">rswk-swf</subfield>
<subfield code="2">gnd</subfield>
</datafield>
<datafield ind1=" " ind2=" " tag="653">
<subfield code="a">(Produktform)Paperback / softback</subfield>
</datafield>
<datafield ind1=" " ind2=" " tag="653">
<subfield code="a">(Zielgruppe)Fachpublikum/ Wissenschaft</subfield>
</datafield>
<datafield ind1=" " ind2=" " tag="653">
<subfield code="a">(Zielgruppe)Rezipienten wissenschaftlicher Forschungsliteratur</subfield>
</datafield>
<datafield ind1=" " ind2=" " tag="653">
<subfield code="a">(VLB-WN)1779: Hardcover, Softcover / Recht/Sonstiges</subfield>
</datafield>
<datafield ind1=" " ind2="7" tag="655">
<subfield code="0">(DE-588)4113937-9</subfield>
<subfield code="0">https://d-nb.info/gnd/4113937-9</subfield>
<subfield code="0">(DE-101)041139372</subfield>
<subfield code="a">Hochschulschrift</subfield>
<subfield code="2">gnd-content</subfield>
</datafield>
<datafield ind1="0" ind2="0" tag="689">
<subfield code="0">(DE-588)4011882-4</subfield>
<subfield code="0">https://d-nb.info/gnd/4011882-4</subfield>
<subfield code="0">(DE-101)040118827</subfield>
<subfield code="D">g</subfield>
<subfield code="a">Deutschland</subfield>
</datafield>
<datafield ind1="0" ind2="1" tag="689">
<subfield code="0">(DE-588)4153828-6</subfield>
<subfield code="0">https://d-nb.info/gnd/4153828-6</subfield>
<subfield code="0">(DE-101)041538285</subfield>
<subfield code="D">s</subfield>
<subfield code="a">Fehderecht</subfield>
</datafield>
<datafield ind1="0" ind2="2" tag="689">
<subfield code="0">(DE-588)4146085-6</subfield>
<subfield code="0">https://d-nb.info/gnd/4146085-6</subfield>
<subfield code="0">(DE-101)041460855</subfield>
<subfield code="D">s</subfield>
<subfield code="a">Blutrache</subfield>
</datafield>
<datafield ind1="0" ind2=" " tag="689">
<subfield code="5">DE-101</subfield>
<subfield code="5">DE-101</subfield>
</datafield>
<datafield ind1="1" ind2="0" tag="689">
<subfield code="0">(DE-588)4040163-7</subfield>
<subfield code="0">https://d-nb.info/gnd/4040163-7</subfield>
<subfield code="0">(DE-101)040401634</subfield>
<subfield code="D">g</subfield>
<subfield code="a">Montenegro</subfield>
</datafield>
<datafield ind1="1" ind2="1" tag="689">
<subfield code="0">(DE-588)4153828-6</subfield>
<subfield code="0">https://d-nb.info/gnd/4153828-6</subfield>
<subfield code="0">(DE-101)041538285</subfield>
<subfield code="D">s</subfield>
<subfield code="a">Fehderecht</subfield>
</datafield>
<datafield ind1="1" ind2="2" tag="689">
<subfield code="0">(DE-588)4146085-6</subfield>
<subfield code="0">https://d-nb.info/gnd/4146085-6</subfield>
<subfield code="0">(DE-101)041460855</subfield>
<subfield code="D">s</subfield>
<subfield code="a">Blutrache</subfield>
</datafield>
<datafield ind1="1" ind2=" " tag="689">
<subfield code="5">DE-101</subfield>
<subfield code="5">DE-101</subfield>
</datafield>
<datafield ind1=" " ind2=" " tag="850">
<subfield code="a">DE-101a</subfield>
<subfield code="a">DE-101b</subfield>
</datafield>
<datafield ind1="4" ind2="2" tag="856">
<subfield code="m">B:DE-101</subfield>
<subfield code="q">application/pdf</subfield>
<subfield code="u">https://d-nb.info/1013997670/04</subfield>
<subfield code="3">Inhaltsverzeichnis</subfield>
</datafield>
<datafield ind1="r" ind2=" " tag="925">
<subfield code="a">ra</subfield>
</datafield>
</record>