<record type="Bibliographic" xmlns="http://www.loc.gov/MARC21/slim">
<leader>00000pam a2200000 c 4500</leader>
<controlfield tag="001">1012816729</controlfield>
<controlfield tag="003">DE-101</controlfield>
<controlfield tag="005">20171202202617.0</controlfield>
<controlfield tag="007">tu</controlfield>
<controlfield tag="008">110615s2011    gw ||||| m||| 00||||ger  </controlfield>
<datafield ind1=" " ind2=" " tag="015">
<subfield code="a">11,A27</subfield>
<subfield code="a">11,H07</subfield>
<subfield code="z">11,N25</subfield>
<subfield code="2">dnb</subfield>
</datafield>
<datafield ind1="7" ind2=" " tag="016">
<subfield code="2">DE-101</subfield>
<subfield code="a">1012816729</subfield>
</datafield>
<datafield ind1=" " ind2=" " tag="020">
<subfield code="a">9783826037382</subfield>
<subfield code="c">kart. : EUR 48.00 (DE)</subfield>
<subfield code="9">978-3-8260-3738-2</subfield>
</datafield>
<datafield ind1="3" ind2=" " tag="024">
<subfield code="a">9783826037382</subfield>
</datafield>
<datafield ind1=" " ind2=" " tag="035">
<subfield code="a">(DE-599)DNB1012816729</subfield>
</datafield>
<datafield ind1=" " ind2=" " tag="035">
<subfield code="a">(OCoLC)748697503</subfield>
</datafield>
<datafield ind1=" " ind2=" " tag="040">
<subfield code="a">1245</subfield>
<subfield code="b">ger</subfield>
<subfield code="c">DE-101</subfield>
<subfield code="d">9999</subfield>
</datafield>
<datafield ind1=" " ind2=" " tag="041">
<subfield code="a">ger</subfield>
</datafield>
<datafield ind1=" " ind2=" " tag="044">
<subfield code="c">XA-DE-BY</subfield>
</datafield>
<datafield ind1="0" ind2="4" tag="082">
<subfield code="8">2\u</subfield>
<subfield code="a">832.6</subfield>
<subfield code="q">DE-101</subfield>
<subfield code="2">22/ger</subfield>
</datafield>
<datafield ind1="7" ind2=" " tag="083">
<subfield code="a">830</subfield>
<subfield code="q">DE-101</subfield>
<subfield code="2">22sdnb</subfield>
</datafield>
<datafield ind1=" " ind2=" " tag="085">
<subfield code="8">2\u</subfield>
<subfield code="b">832</subfield>
</datafield>
<datafield ind1=" " ind2=" " tag="090">
<subfield code="a">b</subfield>
</datafield>
<datafield ind1="1" ind2=" " tag="100">
<subfield code="8">1\p</subfield>
<subfield code="a">Mattern, Pierre</subfield>
<subfield code="e">Verfasser</subfield>
<subfield code="4">aut</subfield>
</datafield>
<datafield ind1="1" ind2="0" tag="245">
<subfield code="a">"Kotzebue's Allgewalt"</subfield>
<subfield code="b">literarische Fehde und politisches Attentat</subfield>
<subfield code="c">Pierre Mattern</subfield>
</datafield>
<datafield ind1=" " ind2="1" tag="264">
<subfield code="a">Würzburg</subfield>
<subfield code="b">Königshausen &amp; Neumann</subfield>
<subfield code="c">2011</subfield>
</datafield>
<datafield ind1=" " ind2=" " tag="300">
<subfield code="a">307 S.</subfield>
<subfield code="c">24 cm, 570 g</subfield>
</datafield>
<datafield ind1=" " ind2=" " tag="336">
<subfield code="a">Text</subfield>
<subfield code="b">txt</subfield>
<subfield code="2">rdacontent</subfield>
</datafield>
<datafield ind1=" " ind2=" " tag="337">
<subfield code="a">ohne Hilfsmittel zu benutzen</subfield>
<subfield code="b">n</subfield>
<subfield code="2">rdamedia</subfield>
</datafield>
<datafield ind1=" " ind2=" " tag="338">
<subfield code="a">Band</subfield>
<subfield code="b">nc</subfield>
<subfield code="2">rdacarrier</subfield>
</datafield>
<datafield ind1="1" ind2=" " tag="490">
<subfield code="a">Epistemata : [...], Reihe Literaturwissenschaft</subfield>
<subfield code="v">Bd. 624</subfield>
</datafield>
<datafield ind1=" " ind2=" " tag="502">
<subfield code="a">Zugl. überarb. Fassung von: Bochum, Univ., Diss.</subfield>
</datafield>
<datafield ind1="1" ind2="7" tag="600">
<subfield code="0">(DE-588)118565796</subfield>
<subfield code="0">https://d-nb.info/gnd/118565796</subfield>
<subfield code="0">(DE-101)118565796</subfield>
<subfield code="a">Kotzebue, August von</subfield>
<subfield code="d">1761-1819</subfield>
<subfield code="9">rswk-swf</subfield>
<subfield code="2">gnd</subfield>
</datafield>
<datafield ind1=" " ind2="7" tag="650">
<subfield code="0">(DE-588)4040235-6</subfield>
<subfield code="0">https://d-nb.info/gnd/4040235-6</subfield>
<subfield code="0">(DE-101)040402355</subfield>
<subfield code="a">Mord</subfield>
<subfield code="9">rswk-swf</subfield>
<subfield code="2">gnd</subfield>
</datafield>
<datafield ind1=" " ind2=" " tag="653">
<subfield code="a">(Produktform)Book</subfield>
</datafield>
<datafield ind1=" " ind2="7" tag="655">
<subfield code="0">(DE-588)4113937-9</subfield>
<subfield code="0">https://d-nb.info/gnd/4113937-9</subfield>
<subfield code="0">(DE-101)041139372</subfield>
<subfield code="a">Hochschulschrift</subfield>
<subfield code="2">gnd-content</subfield>
</datafield>
<datafield ind1="0" ind2="0" tag="689">
<subfield code="0">(DE-588)118565796</subfield>
<subfield code="0">https://d-nb.info/gnd/118565796</subfield>
<subfield code="0">(DE-101)118565796</subfield>
<subfield code="D">p</subfield>
<subfield code="a">Kotzebue, August von</subfield>
<subfield code="d">1761-1819</subfield>
</datafield>
<datafield ind1="0" ind2="1" tag="689">
<subfield code="0">(DE-588)4040235-6</subfield>
<subfield code="0">https://d-nb.info/gnd/4040235-6</subfield>
<subfield code="0">(DE-101)040402355</subfield>
<subfield code="D">s</subfield>
<subfield code="a">Mord</subfield>
</datafield>
<datafield ind1="0" ind2=" " tag="689">
<subfield code="5">DE-101</subfield>
<subfield code="5">DE-101</subfield>
</datafield>
<datafield ind1=" " ind2="0" tag="830">
<subfield code="a">Epistemata / Reihe Literaturwissenschaft</subfield>
<subfield code="n">[...]</subfield>
<subfield code="p">Reihe Literaturwissenschaft</subfield>
<subfield code="t">Epistemata</subfield>
<subfield code="v">Bd. 624</subfield>
<subfield code="w">(DE-101)013205420</subfield>
<subfield code="w">(DE-600)569976-9</subfield>
<subfield code="9">3624</subfield>
<subfield code="7">as</subfield>
</datafield>
<datafield ind1=" " ind2=" " tag="850">
<subfield code="a">DE-101a</subfield>
<subfield code="a">DE-101b</subfield>
</datafield>
<datafield ind1="4" ind2="2" tag="856">
<subfield code="m">B:DE-101</subfield>
<subfield code="q">application/pdf</subfield>
<subfield code="u">https://d-nb.info/1012816729/04</subfield>
<subfield code="3">Inhaltsverzeichnis</subfield>
</datafield>
<datafield ind1="4" ind2="2" tag="856">
<subfield code="m">X:MVB</subfield>
<subfield code="q">text/html</subfield>
<subfield code="u">http://deposit.dnb.de/cgi-bin/dokserv?id=3841560&amp;prov=M&amp;dok_var=1&amp;dok_ext=htm</subfield>
<subfield code="3">Inhaltstext</subfield>
</datafield>
<datafield ind1="2" ind2=" " tag="883">
<subfield code="8">1\p</subfield>
<subfield code="a">dnb</subfield>
<subfield code="d">20200610</subfield>
<subfield code="q">DE-101</subfield>
<subfield code="u">https://d-nb.info/provenance/plan#dnb</subfield>
</datafield>
<datafield ind1="r" ind2=" " tag="925">
<subfield code="a">ra</subfield>
</datafield>
</record>