<record type="Bibliographic" xmlns="http://www.loc.gov/MARC21/slim">
<leader>00000pam a2200000 c 4500</leader>
<controlfield tag="001">991526473</controlfield>
<controlfield tag="003">DE-101</controlfield>
<controlfield tag="005">20171202084657.0</controlfield>
<controlfield tag="007">tu</controlfield>
<controlfield tag="008">081201s2009    gw ||||| |||| 00||||ger  </controlfield>
<datafield ind1=" " ind2=" " tag="015">
<subfield code="a">09,A32,1937</subfield>
<subfield code="z">08,N51,2740</subfield>
<subfield code="2">dnb</subfield>
</datafield>
<datafield ind1="7" ind2=" " tag="016">
<subfield code="2">DE-101</subfield>
<subfield code="a">991526473</subfield>
</datafield>
<datafield ind1=" " ind2=" " tag="020">
<subfield code="a">9783492253444</subfield>
<subfield code="c">kart. : EUR 8.95 (DE), EUR 9.20 (AT), sfr 16.90 (freier Pr.)</subfield>
<subfield code="9">978-3-492-25344-4</subfield>
</datafield>
<datafield ind1="3" ind2=" " tag="024">
<subfield code="a">9783492253444</subfield>
</datafield>
<datafield ind1=" " ind2=" " tag="035">
<subfield code="a">(DE-599)DNB991526473</subfield>
</datafield>
<datafield ind1=" " ind2=" " tag="035">
<subfield code="a">(OCoLC)428821306</subfield>
</datafield>
<datafield ind1=" " ind2=" " tag="040">
<subfield code="a">1245</subfield>
<subfield code="b">ger</subfield>
<subfield code="c">DE-101</subfield>
<subfield code="d">9999</subfield>
</datafield>
<datafield ind1=" " ind2=" " tag="041">
<subfield code="a">ger</subfield>
</datafield>
<datafield ind1=" " ind2=" " tag="044">
<subfield code="c">XA-DE-BY</subfield>
<subfield code="c">XA-CH</subfield>
</datafield>
<datafield ind1="7" ind2="4" tag="082">
<subfield code="a">830</subfield>
<subfield code="a">B</subfield>
<subfield code="q">DE-101</subfield>
<subfield code="2">22sdnb</subfield>
</datafield>
<datafield ind1=" " ind2=" " tag="090">
<subfield code="a">b</subfield>
</datafield>
<datafield ind1="1" ind2=" " tag="100">
<subfield code="0">(DE-588)121079295</subfield>
<subfield code="0">https://d-nb.info/gnd/121079295</subfield>
<subfield code="0">(DE-101)121079295</subfield>
<subfield code="a">Maaser, Eva</subfield>
<subfield code="d">1948-</subfield>
<subfield code="e">Verfasser</subfield>
<subfield code="4">aut</subfield>
<subfield code="2">gnd</subfield>
</datafield>
<datafield ind1="1" ind2="0" tag="245">
<subfield code="a">Die Fehde der Königinnen</subfield>
<subfield code="b">historischer Roman</subfield>
<subfield code="c">Eva Maaser</subfield>
</datafield>
<datafield ind1=" " ind2=" " tag="250">
<subfield code="a">Orig.-Ausg.</subfield>
</datafield>
<datafield ind1=" " ind2=" " tag="259">
<subfield code="a">or</subfield>
</datafield>
<datafield ind1=" " ind2="1" tag="264">
<subfield code="a">München</subfield>
<subfield code="a">Zürich</subfield>
<subfield code="b">Piper</subfield>
<subfield code="c">2009</subfield>
</datafield>
<datafield ind1=" " ind2=" " tag="300">
<subfield code="a">477 S.</subfield>
<subfield code="c">19 cm</subfield>
</datafield>
<datafield ind1=" " ind2=" " tag="336">
<subfield code="a">Text</subfield>
<subfield code="b">txt</subfield>
<subfield code="2">rdacontent</subfield>
</datafield>
<datafield ind1=" " ind2=" " tag="337">
<subfield code="a">ohne Hilfsmittel zu benutzen</subfield>
<subfield code="b">n</subfield>
<subfield code="2">rdamedia</subfield>
</datafield>
<datafield ind1=" " ind2=" " tag="338">
<subfield code="a">Band</subfield>
<subfield code="b">nc</subfield>
<subfield code="2">rdacarrier</subfield>
</datafield>
<datafield ind1="1" ind2=" " tag="490">
<subfield code="a">Piper</subfield>
<subfield code="v">5344</subfield>
</datafield>
<datafield ind1=" " ind2="7" tag="648">
<subfield code="a">Geschichte 566-577</subfield>
<subfield code="9">rswk-swf</subfield>
<subfield code="2">gnd</subfield>
</datafield>
<datafield ind1=" " ind2="7" tag="650">
<subfield code="0">(DE-588)4164379-3</subfield>
<subfield code="0">https://d-nb.info/gnd/4164379-3</subfield>
<subfield code="0">(DE-101)041643798</subfield>
<subfield code="a">Königin</subfield>
<subfield code="9">rswk-swf</subfield>
<subfield code="2">gnd</subfield>
</datafield>
<datafield ind1=" " ind2="7" tag="650">
<subfield code="0">(DE-588)4153827-4</subfield>
<subfield code="0">https://d-nb.info/gnd/4153827-4</subfield>
<subfield code="0">(DE-101)041538277</subfield>
<subfield code="a">Fehde</subfield>
<subfield code="9">rswk-swf</subfield>
<subfield code="2">gnd</subfield>
</datafield>
<datafield ind1=" " ind2="7" tag="650">
<subfield code="0">(DE-588)4036824-5</subfield>
<subfield code="0">https://d-nb.info/gnd/4036824-5</subfield>
<subfield code="0">(DE-101)040368246</subfield>
<subfield code="a">Macht</subfield>
<subfield code="9">rswk-swf</subfield>
<subfield code="2">gnd</subfield>
</datafield>
<datafield ind1=" " ind2="7" tag="651">
<subfield code="0">(DE-588)4015701-5</subfield>
<subfield code="0">https://d-nb.info/gnd/4015701-5</subfield>
<subfield code="0">(DE-101)040157016</subfield>
<subfield code="a">Europa</subfield>
<subfield code="9">rswk-swf</subfield>
<subfield code="2">gnd</subfield>
</datafield>
<datafield ind1=" " ind2=" " tag="653">
<subfield code="a">(VLB-PF)BC: Paperback</subfield>
</datafield>
<datafield ind1=" " ind2=" " tag="653">
<subfield code="a">(VLB-WN)2113: TB/Belletristik/Historische Romane, Erzählungen</subfield>
</datafield>
<datafield ind1=" " ind2="7" tag="655">
<subfield code="0">(DE-588)1071854844</subfield>
<subfield code="0">https://d-nb.info/gnd/1071854844</subfield>
<subfield code="0">(DE-101)1071854844</subfield>
<subfield code="a">Fiktionale Darstellung</subfield>
<subfield code="2">gnd-content</subfield>
</datafield>
<datafield ind1=" " ind2="7" tag="655">
<subfield code="a">Belletristische Darstellung</subfield>
<subfield code="9">rswk-swf</subfield>
<subfield code="2">gnd</subfield>
</datafield>
<datafield ind1="0" ind2="0" tag="689">
<subfield code="0">(DE-588)4015701-5</subfield>
<subfield code="0">https://d-nb.info/gnd/4015701-5</subfield>
<subfield code="0">(DE-101)040157016</subfield>
<subfield code="D">g</subfield>
<subfield code="a">Europa</subfield>
</datafield>
<datafield ind1="0" ind2="1" tag="689">
<subfield code="0">(DE-588)4164379-3</subfield>
<subfield code="0">https://d-nb.info/gnd/4164379-3</subfield>
<subfield code="0">(DE-101)041643798</subfield>
<subfield code="D">s</subfield>
<subfield code="a">Königin</subfield>
</datafield>
<datafield ind1="0" ind2="2" tag="689">
<subfield code="0">(DE-588)4153827-4</subfield>
<subfield code="0">https://d-nb.info/gnd/4153827-4</subfield>
<subfield code="0">(DE-101)041538277</subfield>
<subfield code="D">s</subfield>
<subfield code="a">Fehde</subfield>
</datafield>
<datafield ind1="0" ind2="3" tag="689">
<subfield code="0">(DE-588)4036824-5</subfield>
<subfield code="0">https://d-nb.info/gnd/4036824-5</subfield>
<subfield code="0">(DE-101)040368246</subfield>
<subfield code="D">s</subfield>
<subfield code="a">Macht</subfield>
</datafield>
<datafield ind1="0" ind2="4" tag="689">
<subfield code="A">z</subfield>
<subfield code="a">Geschichte 566-577</subfield>
</datafield>
<datafield ind1="0" ind2="5" tag="689">
<subfield code="A">f</subfield>
<subfield code="a">Belletristische Darstellung</subfield>
</datafield>
<datafield ind1="0" ind2=" " tag="689">
<subfield code="5">DE-101</subfield>
<subfield code="5">DE-101</subfield>
</datafield>
<datafield ind1=" " ind2="0" tag="830">
<subfield code="a">Piper</subfield>
<subfield code="v">5344</subfield>
<subfield code="w">(DE-101)015122727</subfield>
<subfield code="w">(DE-600)970675-6</subfield>
<subfield code="9">45344</subfield>
<subfield code="7">as</subfield>
</datafield>
<datafield ind1=" " ind2=" " tag="850">
<subfield code="a">DE-101a</subfield>
<subfield code="a">DE-101b</subfield>
</datafield>
<datafield ind1="r" ind2=" " tag="925">
<subfield code="a">ra</subfield>
</datafield>
</record>