<record type="Bibliographic" xmlns="http://www.loc.gov/MARC21/slim">
<leader>00000pam a2200000 c 4500</leader>
<controlfield tag="001">990356426</controlfield>
<controlfield tag="003">DE-101</controlfield>
<controlfield tag="005">20171202080447.0</controlfield>
<controlfield tag="007">tu</controlfield>
<controlfield tag="008">080910s2008    gw ||||| m||| 00||||ger  </controlfield>
<datafield ind1=" " ind2=" " tag="015">
<subfield code="a">09,A13,0519</subfield>
<subfield code="z">08,N39,0409</subfield>
<subfield code="2">dnb</subfield>
</datafield>
<datafield ind1="7" ind2=" " tag="016">
<subfield code="2">DE-101</subfield>
<subfield code="a">990356426</subfield>
</datafield>
<datafield ind1=" " ind2=" " tag="020">
<subfield code="a">9783832938949</subfield>
<subfield code="c">kart. : EUR 69.00, sfr 117.00 (freier Pr.)</subfield>
<subfield code="9">978-3-8329-3894-9</subfield>
</datafield>
<datafield ind1="3" ind2=" " tag="024">
<subfield code="a">9783832938949</subfield>
</datafield>
<datafield ind1=" " ind2=" " tag="035">
<subfield code="a">(DE-599)DNB990356426</subfield>
</datafield>
<datafield ind1=" " ind2=" " tag="035">
<subfield code="a">(OCoLC)316572730</subfield>
</datafield>
<datafield ind1=" " ind2=" " tag="040">
<subfield code="a">1245</subfield>
<subfield code="b">ger</subfield>
<subfield code="c">DE-101</subfield>
<subfield code="d">9999</subfield>
</datafield>
<datafield ind1=" " ind2=" " tag="041">
<subfield code="a">ger</subfield>
</datafield>
<datafield ind1=" " ind2=" " tag="044">
<subfield code="c">XA-DE-BW</subfield>
</datafield>
<datafield ind1="0" ind2="4" tag="082">
<subfield code="8">2\u</subfield>
<subfield code="a">340.4409</subfield>
<subfield code="q">DE-101</subfield>
<subfield code="2">22/ger</subfield>
</datafield>
<datafield ind1="0" ind2=" " tag="083">
<subfield code="8">3\u</subfield>
<subfield code="a">340.4309</subfield>
<subfield code="q">DE-101</subfield>
<subfield code="2">22/ger</subfield>
</datafield>
<datafield ind1="7" ind2=" " tag="083">
<subfield code="a">340</subfield>
<subfield code="q">DE-101</subfield>
<subfield code="2">22sdnb</subfield>
</datafield>
<datafield ind1=" " ind2=" " tag="085">
<subfield code="8">2\u</subfield>
<subfield code="b">340</subfield>
</datafield>
<datafield ind1=" " ind2=" " tag="085">
<subfield code="8">2\u</subfield>
<subfield code="z">1</subfield>
<subfield code="s">09</subfield>
</datafield>
<datafield ind1=" " ind2=" " tag="085">
<subfield code="8">2\u</subfield>
<subfield code="z">2</subfield>
<subfield code="s">44</subfield>
</datafield>
<datafield ind1=" " ind2=" " tag="085">
<subfield code="8">3\u</subfield>
<subfield code="b">340</subfield>
</datafield>
<datafield ind1=" " ind2=" " tag="085">
<subfield code="8">3\u</subfield>
<subfield code="z">1</subfield>
<subfield code="s">09</subfield>
</datafield>
<datafield ind1=" " ind2=" " tag="085">
<subfield code="8">3\u</subfield>
<subfield code="z">2</subfield>
<subfield code="s">43</subfield>
</datafield>
<datafield ind1=" " ind2=" " tag="090">
<subfield code="a">b</subfield>
</datafield>
<datafield ind1="1" ind2=" " tag="100">
<subfield code="8">1\p</subfield>
<subfield code="a">Bernoth, Carsten</subfield>
<subfield code="e">Verfasser</subfield>
<subfield code="4">aut</subfield>
</datafield>
<datafield ind1="1" ind2="0" tag="245">
<subfield code="a">Die Fehde des Sichar</subfield>
<subfield code="b">die Geschichte einer Erzählung in der deutschsprachigen und frankophonen rechtshistorischen und historischen Literatur unter besonderer Berücksichtigung der Auseinandersetzungen des 19. Jahrhunderts</subfield>
<subfield code="c">Carsten Bernoth</subfield>
</datafield>
<datafield ind1=" " ind2=" " tag="250">
<subfield code="a">1. Aufl.</subfield>
</datafield>
<datafield ind1=" " ind2=" " tag="259">
<subfield code="a">11</subfield>
</datafield>
<datafield ind1=" " ind2="1" tag="264">
<subfield code="a">Baden-Baden</subfield>
<subfield code="b">Nomos</subfield>
<subfield code="c">2008</subfield>
</datafield>
<datafield ind1=" " ind2=" " tag="300">
<subfield code="a">318 S.</subfield>
<subfield code="c">23 cm</subfield>
</datafield>
<datafield ind1=" " ind2=" " tag="336">
<subfield code="a">Text</subfield>
<subfield code="b">txt</subfield>
<subfield code="2">rdacontent</subfield>
</datafield>
<datafield ind1=" " ind2=" " tag="337">
<subfield code="a">ohne Hilfsmittel zu benutzen</subfield>
<subfield code="b">n</subfield>
<subfield code="2">rdamedia</subfield>
</datafield>
<datafield ind1=" " ind2=" " tag="338">
<subfield code="a">Band</subfield>
<subfield code="b">nc</subfield>
<subfield code="2">rdacarrier</subfield>
</datafield>
<datafield ind1="1" ind2=" " tag="490">
<subfield code="a">Rheinische Schriften zur Rechtsgeschichte</subfield>
<subfield code="v">Bd. 10</subfield>
</datafield>
<datafield ind1=" " ind2=" " tag="502">
<subfield code="a">Zugl.: Bonn, Univ., Diss., 2008</subfield>
</datafield>
<datafield ind1="0" ind2="7" tag="600">
<subfield code="0">(DE-588)4227883-1</subfield>
<subfield code="0">https://d-nb.info/gnd/4227883-1</subfield>
<subfield code="0">(DE-101)04227883X</subfield>
<subfield code="a">Gregor</subfield>
<subfield code="c">Tours, Bischof, Heiliger</subfield>
<subfield code="d">538-594</subfield>
<subfield code="t">Historia Francorum</subfield>
<subfield code="9">rswk-swf</subfield>
<subfield code="2">gnd</subfield>
</datafield>
<datafield ind1="0" ind2="7" tag="600">
<subfield code="0">(DE-588)4227883-1</subfield>
<subfield code="0">https://d-nb.info/gnd/4227883-1</subfield>
<subfield code="0">(DE-101)04227883X</subfield>
<subfield code="a">Gregor</subfield>
<subfield code="c">Tours, Bischof, Heiliger</subfield>
<subfield code="d">538-594</subfield>
<subfield code="t">Historia Francorum</subfield>
<subfield code="9">rswk-swf</subfield>
<subfield code="2">gnd</subfield>
</datafield>
<datafield ind1=" " ind2="7" tag="648">
<subfield code="a">Geschichte 1815-</subfield>
<subfield code="9">rswk-swf</subfield>
<subfield code="2">gnd</subfield>
</datafield>
<datafield ind1=" " ind2="7" tag="648">
<subfield code="a">Geschichte 1815-</subfield>
<subfield code="9">rswk-swf</subfield>
<subfield code="2">gnd</subfield>
</datafield>
<datafield ind1=" " ind2="7" tag="650">
<subfield code="0">(DE-588)4049716-1</subfield>
<subfield code="0">https://d-nb.info/gnd/4049716-1</subfield>
<subfield code="0">(DE-101)04049716X</subfield>
<subfield code="a">Rezeption</subfield>
<subfield code="9">rswk-swf</subfield>
<subfield code="2">gnd</subfield>
</datafield>
<datafield ind1=" " ind2="7" tag="650">
<subfield code="0">(DE-588)4048737-4</subfield>
<subfield code="0">https://d-nb.info/gnd/4048737-4</subfield>
<subfield code="0">(DE-101)040487377</subfield>
<subfield code="a">Recht</subfield>
<subfield code="9">rswk-swf</subfield>
<subfield code="2">gnd</subfield>
</datafield>
<datafield ind1=" " ind2="7" tag="650">
<subfield code="0">(DE-588)4153493-1</subfield>
<subfield code="0">https://d-nb.info/gnd/4153493-1</subfield>
<subfield code="0">(DE-101)04153493X</subfield>
<subfield code="a">Fachliteratur</subfield>
<subfield code="9">rswk-swf</subfield>
<subfield code="2">gnd</subfield>
</datafield>
<datafield ind1=" " ind2="7" tag="650">
<subfield code="0">(DE-588)4049716-1</subfield>
<subfield code="0">https://d-nb.info/gnd/4049716-1</subfield>
<subfield code="0">(DE-101)04049716X</subfield>
<subfield code="a">Rezeption</subfield>
<subfield code="9">rswk-swf</subfield>
<subfield code="2">gnd</subfield>
</datafield>
<datafield ind1=" " ind2="7" tag="650">
<subfield code="0">(DE-588)4048737-4</subfield>
<subfield code="0">https://d-nb.info/gnd/4048737-4</subfield>
<subfield code="0">(DE-101)040487377</subfield>
<subfield code="a">Recht</subfield>
<subfield code="9">rswk-swf</subfield>
<subfield code="2">gnd</subfield>
</datafield>
<datafield ind1=" " ind2="7" tag="650">
<subfield code="0">(DE-588)4153493-1</subfield>
<subfield code="0">https://d-nb.info/gnd/4153493-1</subfield>
<subfield code="0">(DE-101)04153493X</subfield>
<subfield code="a">Fachliteratur</subfield>
<subfield code="9">rswk-swf</subfield>
<subfield code="2">gnd</subfield>
</datafield>
<datafield ind1=" " ind2="7" tag="651">
<subfield code="0">(DE-588)4018145-5</subfield>
<subfield code="0">https://d-nb.info/gnd/4018145-5</subfield>
<subfield code="0">(DE-101)040181456</subfield>
<subfield code="a">Frankreich</subfield>
<subfield code="9">rswk-swf</subfield>
<subfield code="2">gnd</subfield>
</datafield>
<datafield ind1=" " ind2="7" tag="651">
<subfield code="0">(DE-588)4011882-4</subfield>
<subfield code="0">https://d-nb.info/gnd/4011882-4</subfield>
<subfield code="0">(DE-101)040118827</subfield>
<subfield code="a">Deutschland</subfield>
<subfield code="9">rswk-swf</subfield>
<subfield code="2">gnd</subfield>
</datafield>
<datafield ind1=" " ind2=" " tag="653">
<subfield code="a">(VLB-PF)BC: Paperback</subfield>
</datafield>
<datafield ind1=" " ind2=" " tag="653">
<subfield code="a">(VLB-WN)1771: HC/Recht/Allgemeines, Lexika</subfield>
</datafield>
<datafield ind1=" " ind2=" " tag="653">
<subfield code="a">(BISAC Subject Heading)LAW079000</subfield>
</datafield>
<datafield ind1=" " ind2="7" tag="655">
<subfield code="0">(DE-588)4113937-9</subfield>
<subfield code="0">https://d-nb.info/gnd/4113937-9</subfield>
<subfield code="0">(DE-101)041139372</subfield>
<subfield code="a">Hochschulschrift</subfield>
<subfield code="2">gnd-content</subfield>
</datafield>
<datafield ind1="0" ind2="0" tag="689">
<subfield code="0">(DE-588)4227883-1</subfield>
<subfield code="0">https://d-nb.info/gnd/4227883-1</subfield>
<subfield code="0">(DE-101)04227883X</subfield>
<subfield code="D">p</subfield>
<subfield code="a">Gregor</subfield>
<subfield code="c">Tours, Bischof, Heiliger</subfield>
<subfield code="d">538-594</subfield>
<subfield code="t">Historia Francorum</subfield>
</datafield>
<datafield ind1="0" ind2="1" tag="689">
<subfield code="0">(DE-588)4049716-1</subfield>
<subfield code="0">https://d-nb.info/gnd/4049716-1</subfield>
<subfield code="0">(DE-101)04049716X</subfield>
<subfield code="D">s</subfield>
<subfield code="a">Rezeption</subfield>
</datafield>
<datafield ind1="0" ind2="2" tag="689">
<subfield code="0">(DE-588)4018145-5</subfield>
<subfield code="0">https://d-nb.info/gnd/4018145-5</subfield>
<subfield code="0">(DE-101)040181456</subfield>
<subfield code="D">g</subfield>
<subfield code="a">Frankreich</subfield>
</datafield>
<datafield ind1="0" ind2="3" tag="689">
<subfield code="0">(DE-588)4048737-4</subfield>
<subfield code="0">https://d-nb.info/gnd/4048737-4</subfield>
<subfield code="0">(DE-101)040487377</subfield>
<subfield code="D">s</subfield>
<subfield code="a">Recht</subfield>
</datafield>
<datafield ind1="0" ind2="4" tag="689">
<subfield code="0">(DE-588)4153493-1</subfield>
<subfield code="0">https://d-nb.info/gnd/4153493-1</subfield>
<subfield code="0">(DE-101)04153493X</subfield>
<subfield code="D">s</subfield>
<subfield code="a">Fachliteratur</subfield>
</datafield>
<datafield ind1="0" ind2="5" tag="689">
<subfield code="A">z</subfield>
<subfield code="a">Geschichte 1815-</subfield>
</datafield>
<datafield ind1="0" ind2=" " tag="689">
<subfield code="5">DE-101</subfield>
<subfield code="5">DE-101</subfield>
</datafield>
<datafield ind1="1" ind2="0" tag="689">
<subfield code="0">(DE-588)4227883-1</subfield>
<subfield code="0">https://d-nb.info/gnd/4227883-1</subfield>
<subfield code="0">(DE-101)04227883X</subfield>
<subfield code="D">p</subfield>
<subfield code="a">Gregor</subfield>
<subfield code="c">Tours, Bischof, Heiliger</subfield>
<subfield code="d">538-594</subfield>
<subfield code="t">Historia Francorum</subfield>
</datafield>
<datafield ind1="1" ind2="1" tag="689">
<subfield code="0">(DE-588)4049716-1</subfield>
<subfield code="0">https://d-nb.info/gnd/4049716-1</subfield>
<subfield code="0">(DE-101)04049716X</subfield>
<subfield code="D">s</subfield>
<subfield code="a">Rezeption</subfield>
</datafield>
<datafield ind1="1" ind2="2" tag="689">
<subfield code="0">(DE-588)4011882-4</subfield>
<subfield code="0">https://d-nb.info/gnd/4011882-4</subfield>
<subfield code="0">(DE-101)040118827</subfield>
<subfield code="D">g</subfield>
<subfield code="a">Deutschland</subfield>
</datafield>
<datafield ind1="1" ind2="3" tag="689">
<subfield code="0">(DE-588)4048737-4</subfield>
<subfield code="0">https://d-nb.info/gnd/4048737-4</subfield>
<subfield code="0">(DE-101)040487377</subfield>
<subfield code="D">s</subfield>
<subfield code="a">Recht</subfield>
</datafield>
<datafield ind1="1" ind2="4" tag="689">
<subfield code="0">(DE-588)4153493-1</subfield>
<subfield code="0">https://d-nb.info/gnd/4153493-1</subfield>
<subfield code="0">(DE-101)04153493X</subfield>
<subfield code="D">s</subfield>
<subfield code="a">Fachliteratur</subfield>
</datafield>
<datafield ind1="1" ind2="5" tag="689">
<subfield code="A">z</subfield>
<subfield code="a">Geschichte 1815-</subfield>
</datafield>
<datafield ind1="1" ind2=" " tag="689">
<subfield code="5">DE-101</subfield>
<subfield code="5">DE-101</subfield>
</datafield>
<datafield ind1="0" ind2="8" tag="776">
<subfield code="i">Erscheint auch als</subfield>
<subfield code="n">Online-Ausgabe</subfield>
<subfield code="t">Die Fehde des Sichar</subfield>
<subfield code="d">Baden-Baden : Nomos Verlagsgesellschaft mbH &amp; Co. KG, 2008</subfield>
<subfield code="h">Online-Ressourcen, 318 Seiten</subfield>
<subfield code="w">(DE-101)112625990X</subfield>
<subfield code="b">1. Auflage</subfield>
</datafield>
<datafield ind1=" " ind2="0" tag="830">
<subfield code="a">Rheinische Schriften zur Rechtsgeschichte</subfield>
<subfield code="v">Bd. 10</subfield>
<subfield code="w">(DE-101)977181464</subfield>
<subfield code="w">(DE-600)2211108-6</subfield>
<subfield code="9">210</subfield>
<subfield code="7">as</subfield>
</datafield>
<datafield ind1=" " ind2=" " tag="850">
<subfield code="a">DE-101a</subfield>
<subfield code="a">DE-101b</subfield>
</datafield>
<datafield ind1="4" ind2="2" tag="856">
<subfield code="m">B:DE-101</subfield>
<subfield code="q">application/pdf</subfield>
<subfield code="u">https://d-nb.info/990356426/04</subfield>
<subfield code="3">Inhaltsverzeichnis</subfield>
</datafield>
<datafield ind1="2" ind2=" " tag="883">
<subfield code="8">1\p</subfield>
<subfield code="a">dnb</subfield>
<subfield code="d">20200614</subfield>
<subfield code="q">DE-101</subfield>
<subfield code="u">https://d-nb.info/provenance/plan#dnb</subfield>
</datafield>
<datafield ind1="r" ind2=" " tag="925">
<subfield code="a">ra</subfield>
</datafield>
</record>