<record type="Bibliographic" xmlns="http://www.loc.gov/MARC21/slim">
<leader>00000nam a2200000uc 4500</leader>
<controlfield tag="001">112625990X</controlfield>
<controlfield tag="003">DE-101</controlfield>
<controlfield tag="005">20250801082703.0</controlfield>
<controlfield tag="007">cr||||||||||||</controlfield>
<controlfield tag="008">170224s2008    gw |||||o|||| 00||||ger  </controlfield>
<datafield ind1=" " ind2=" " tag="015">
<subfield code="a">17,O03</subfield>
<subfield code="2">dnb</subfield>
</datafield>
<datafield ind1="7" ind2=" " tag="016">
<subfield code="2">DE-101</subfield>
<subfield code="a">112625990X</subfield>
</datafield>
<datafield ind1=" " ind2=" " tag="020">
<subfield code="a">9783845211176</subfield>
<subfield code="9">978-3-8452-1117-6</subfield>
</datafield>
<datafield ind1="7" ind2=" " tag="024">
<subfield code="2">urn</subfield>
<subfield code="a">urn:nbn:de:101:1-201702246934</subfield>
</datafield>
<datafield ind1=" " ind2=" " tag="035">
<subfield code="a">(DE-599)DNB112625990X</subfield>
</datafield>
<datafield ind1=" " ind2=" " tag="035">
<subfield code="a">(OCoLC)820539446</subfield>
</datafield>
<datafield ind1=" " ind2=" " tag="040">
<subfield code="a">1240</subfield>
<subfield code="b">ger</subfield>
<subfield code="c">DE-101</subfield>
<subfield code="d">9999</subfield>
</datafield>
<datafield ind1=" " ind2=" " tag="041">
<subfield code="a">ger</subfield>
</datafield>
<datafield ind1=" " ind2=" " tag="044">
<subfield code="c">XA-DE-BW</subfield>
</datafield>
<datafield ind1="0" ind2="4" tag="082">
<subfield code="8">3\u</subfield>
<subfield code="a">340.4409</subfield>
<subfield code="q">DE-101</subfield>
<subfield code="2">22/ger</subfield>
</datafield>
<datafield ind1="0" ind2=" " tag="083">
<subfield code="8">4\u</subfield>
<subfield code="a">340.4309</subfield>
<subfield code="q">DE-101</subfield>
<subfield code="2">22/ger</subfield>
</datafield>
<datafield ind1="7" ind2=" " tag="083">
<subfield code="8">5\p</subfield>
<subfield code="a">340</subfield>
<subfield code="q">DE-101</subfield>
<subfield code="2">23sdnb</subfield>
</datafield>
<datafield ind1=" " ind2=" " tag="085">
<subfield code="8">3\u</subfield>
<subfield code="b">340</subfield>
</datafield>
<datafield ind1=" " ind2=" " tag="085">
<subfield code="8">3\u</subfield>
<subfield code="z">1</subfield>
<subfield code="s">09</subfield>
</datafield>
<datafield ind1=" " ind2=" " tag="085">
<subfield code="8">3\u</subfield>
<subfield code="z">2</subfield>
<subfield code="s">44</subfield>
</datafield>
<datafield ind1=" " ind2=" " tag="085">
<subfield code="8">4\u</subfield>
<subfield code="b">340</subfield>
</datafield>
<datafield ind1=" " ind2=" " tag="085">
<subfield code="8">4\u</subfield>
<subfield code="z">1</subfield>
<subfield code="s">09</subfield>
</datafield>
<datafield ind1=" " ind2=" " tag="085">
<subfield code="8">4\u</subfield>
<subfield code="z">2</subfield>
<subfield code="s">43</subfield>
</datafield>
<datafield ind1="1" ind2=" " tag="100">
<subfield code="8">2\p</subfield>
<subfield code="a">Bernoth, Carsten</subfield>
<subfield code="e">Verfasser</subfield>
<subfield code="4">aut</subfield>
</datafield>
<datafield ind1="1" ind2="0" tag="245">
<subfield code="a">Die Fehde des Sichar</subfield>
<subfield code="b">Die Geschichte einer Erzählung in der deutschsprachigen und frankophonen rechtshistorischen und historischen Literatur unter besonderer Berücksichtigung der Auseinandersetzungen des 19. Jahrhunderts</subfield>
<subfield code="c">Carsten Bernoth</subfield>
</datafield>
<datafield ind1=" " ind2=" " tag="250">
<subfield code="a">1. Auflage</subfield>
</datafield>
<datafield ind1=" " ind2=" " tag="259">
<subfield code="a">11</subfield>
</datafield>
<datafield ind1=" " ind2="1" tag="264">
<subfield code="a">Baden-Baden</subfield>
<subfield code="b">Nomos Verlagsgesellschaft mbH &amp; Co. KG</subfield>
<subfield code="c">2008</subfield>
</datafield>
<datafield ind1=" " ind2=" " tag="300">
<subfield code="a">Online-Ressourcen, 318 Seiten</subfield>
</datafield>
<datafield ind1=" " ind2=" " tag="336">
<subfield code="a">Text</subfield>
<subfield code="b">txt</subfield>
<subfield code="2">rdacontent</subfield>
</datafield>
<datafield ind1=" " ind2=" " tag="337">
<subfield code="a">Computermedien</subfield>
<subfield code="b">c</subfield>
<subfield code="2">rdamedia</subfield>
</datafield>
<datafield ind1=" " ind2=" " tag="338">
<subfield code="a">Online-Ressource</subfield>
<subfield code="b">cr</subfield>
<subfield code="2">rdacarrier</subfield>
</datafield>
<datafield ind1="1" ind2=" " tag="490">
<subfield code="a">Rheinische Schriften zur Rechtsgeschichte</subfield>
<subfield code="v">10</subfield>
</datafield>
<datafield ind1=" " ind2=" " tag="500">
<subfield code="a">Lizenzpflichtig</subfield>
</datafield>
<datafield ind1="1" ind2=" " tag="583">
<subfield code="a">Archivierung/Langzeitarchivierung gewährleistet</subfield>
<subfield code="5">DE-101</subfield>
<subfield code="2">pdager</subfield>
</datafield>
<datafield ind1="0" ind2="7" tag="600">
<subfield code="0">(DE-588)4227883-1</subfield>
<subfield code="0">https://d-nb.info/gnd/4227883-1</subfield>
<subfield code="0">(DE-101)04227883X</subfield>
<subfield code="a">Gregor</subfield>
<subfield code="c">Tours, Bischof, Heiliger</subfield>
<subfield code="d">538-594</subfield>
<subfield code="t">Historia Francorum</subfield>
<subfield code="9">rswk-swf</subfield>
<subfield code="2">gnd</subfield>
</datafield>
<datafield ind1="0" ind2="7" tag="600">
<subfield code="0">(DE-588)4227883-1</subfield>
<subfield code="0">https://d-nb.info/gnd/4227883-1</subfield>
<subfield code="0">(DE-101)04227883X</subfield>
<subfield code="a">Gregor</subfield>
<subfield code="c">Tours, Bischof, Heiliger</subfield>
<subfield code="d">538-594</subfield>
<subfield code="t">Historia Francorum</subfield>
<subfield code="9">rswk-swf</subfield>
<subfield code="2">gnd</subfield>
</datafield>
<datafield ind1=" " ind2="7" tag="648">
<subfield code="a">Geschichte 1815-</subfield>
<subfield code="9">rswk-swf</subfield>
<subfield code="2">gnd</subfield>
</datafield>
<datafield ind1=" " ind2="7" tag="648">
<subfield code="a">Geschichte 1815-</subfield>
<subfield code="9">rswk-swf</subfield>
<subfield code="2">gnd</subfield>
</datafield>
<datafield ind1=" " ind2="7" tag="650">
<subfield code="0">(DE-588)4049716-1</subfield>
<subfield code="0">https://d-nb.info/gnd/4049716-1</subfield>
<subfield code="0">(DE-101)04049716X</subfield>
<subfield code="a">Rezeption</subfield>
<subfield code="9">rswk-swf</subfield>
<subfield code="2">gnd</subfield>
</datafield>
<datafield ind1=" " ind2="7" tag="650">
<subfield code="0">(DE-588)4048737-4</subfield>
<subfield code="0">https://d-nb.info/gnd/4048737-4</subfield>
<subfield code="0">(DE-101)040487377</subfield>
<subfield code="a">Recht</subfield>
<subfield code="9">rswk-swf</subfield>
<subfield code="2">gnd</subfield>
</datafield>
<datafield ind1=" " ind2="7" tag="650">
<subfield code="0">(DE-588)4153493-1</subfield>
<subfield code="0">https://d-nb.info/gnd/4153493-1</subfield>
<subfield code="0">(DE-101)04153493X</subfield>
<subfield code="a">Fachliteratur</subfield>
<subfield code="9">rswk-swf</subfield>
<subfield code="2">gnd</subfield>
</datafield>
<datafield ind1=" " ind2="7" tag="650">
<subfield code="0">(DE-588)4049716-1</subfield>
<subfield code="0">https://d-nb.info/gnd/4049716-1</subfield>
<subfield code="0">(DE-101)04049716X</subfield>
<subfield code="a">Rezeption</subfield>
<subfield code="9">rswk-swf</subfield>
<subfield code="2">gnd</subfield>
</datafield>
<datafield ind1=" " ind2="7" tag="650">
<subfield code="0">(DE-588)4048737-4</subfield>
<subfield code="0">https://d-nb.info/gnd/4048737-4</subfield>
<subfield code="0">(DE-101)040487377</subfield>
<subfield code="a">Recht</subfield>
<subfield code="9">rswk-swf</subfield>
<subfield code="2">gnd</subfield>
</datafield>
<datafield ind1=" " ind2="7" tag="650">
<subfield code="0">(DE-588)4153493-1</subfield>
<subfield code="0">https://d-nb.info/gnd/4153493-1</subfield>
<subfield code="0">(DE-101)04153493X</subfield>
<subfield code="a">Fachliteratur</subfield>
<subfield code="9">rswk-swf</subfield>
<subfield code="2">gnd</subfield>
</datafield>
<datafield ind1=" " ind2="7" tag="651">
<subfield code="0">(DE-588)4018145-5</subfield>
<subfield code="0">https://d-nb.info/gnd/4018145-5</subfield>
<subfield code="0">(DE-101)040181456</subfield>
<subfield code="a">Frankreich</subfield>
<subfield code="9">rswk-swf</subfield>
<subfield code="2">gnd</subfield>
</datafield>
<datafield ind1=" " ind2="7" tag="651">
<subfield code="0">(DE-588)4011882-4</subfield>
<subfield code="0">https://d-nb.info/gnd/4011882-4</subfield>
<subfield code="0">(DE-101)040118827</subfield>
<subfield code="a">Deutschland</subfield>
<subfield code="9">rswk-swf</subfield>
<subfield code="2">gnd</subfield>
</datafield>
<datafield ind1=" " ind2=" " tag="653">
<subfield code="a">(Produktform)Electronic book text</subfield>
</datafield>
<datafield ind1=" " ind2=" " tag="653">
<subfield code="a">(VLB-WN)1771</subfield>
</datafield>
<datafield ind1=" " ind2=" " tag="653">
<subfield code="a">(BISAC Subject Heading)LAW079000</subfield>
</datafield>
<datafield ind1=" " ind2="7" tag="655">
<subfield code="8">1\p</subfield>
<subfield code="0">(DE-588)4113937-9</subfield>
<subfield code="0">https://d-nb.info/gnd/4113937-9</subfield>
<subfield code="0">(DE-101)041139372</subfield>
<subfield code="a">Hochschulschrift</subfield>
<subfield code="2">gnd-content</subfield>
</datafield>
<datafield ind1="0" ind2="0" tag="689">
<subfield code="0">(DE-588)4227883-1</subfield>
<subfield code="0">https://d-nb.info/gnd/4227883-1</subfield>
<subfield code="0">(DE-101)04227883X</subfield>
<subfield code="D">p</subfield>
<subfield code="a">Gregor</subfield>
<subfield code="c">Tours, Bischof, Heiliger</subfield>
<subfield code="d">538-594</subfield>
<subfield code="t">Historia Francorum</subfield>
</datafield>
<datafield ind1="0" ind2="1" tag="689">
<subfield code="0">(DE-588)4049716-1</subfield>
<subfield code="0">https://d-nb.info/gnd/4049716-1</subfield>
<subfield code="0">(DE-101)04049716X</subfield>
<subfield code="D">s</subfield>
<subfield code="a">Rezeption</subfield>
</datafield>
<datafield ind1="0" ind2="2" tag="689">
<subfield code="0">(DE-588)4018145-5</subfield>
<subfield code="0">https://d-nb.info/gnd/4018145-5</subfield>
<subfield code="0">(DE-101)040181456</subfield>
<subfield code="D">g</subfield>
<subfield code="a">Frankreich</subfield>
</datafield>
<datafield ind1="0" ind2="3" tag="689">
<subfield code="0">(DE-588)4048737-4</subfield>
<subfield code="0">https://d-nb.info/gnd/4048737-4</subfield>
<subfield code="0">(DE-101)040487377</subfield>
<subfield code="D">s</subfield>
<subfield code="a">Recht</subfield>
</datafield>
<datafield ind1="0" ind2="4" tag="689">
<subfield code="0">(DE-588)4153493-1</subfield>
<subfield code="0">https://d-nb.info/gnd/4153493-1</subfield>
<subfield code="0">(DE-101)04153493X</subfield>
<subfield code="D">s</subfield>
<subfield code="a">Fachliteratur</subfield>
</datafield>
<datafield ind1="0" ind2="5" tag="689">
<subfield code="A">z</subfield>
<subfield code="a">Geschichte 1815-</subfield>
</datafield>
<datafield ind1="0" ind2=" " tag="689">
<subfield code="5">DE-101</subfield>
<subfield code="5">DE-101</subfield>
</datafield>
<datafield ind1="1" ind2="0" tag="689">
<subfield code="0">(DE-588)4227883-1</subfield>
<subfield code="0">https://d-nb.info/gnd/4227883-1</subfield>
<subfield code="0">(DE-101)04227883X</subfield>
<subfield code="D">p</subfield>
<subfield code="a">Gregor</subfield>
<subfield code="c">Tours, Bischof, Heiliger</subfield>
<subfield code="d">538-594</subfield>
<subfield code="t">Historia Francorum</subfield>
</datafield>
<datafield ind1="1" ind2="1" tag="689">
<subfield code="0">(DE-588)4049716-1</subfield>
<subfield code="0">https://d-nb.info/gnd/4049716-1</subfield>
<subfield code="0">(DE-101)04049716X</subfield>
<subfield code="D">s</subfield>
<subfield code="a">Rezeption</subfield>
</datafield>
<datafield ind1="1" ind2="2" tag="689">
<subfield code="0">(DE-588)4011882-4</subfield>
<subfield code="0">https://d-nb.info/gnd/4011882-4</subfield>
<subfield code="0">(DE-101)040118827</subfield>
<subfield code="D">g</subfield>
<subfield code="a">Deutschland</subfield>
</datafield>
<datafield ind1="1" ind2="3" tag="689">
<subfield code="0">(DE-588)4048737-4</subfield>
<subfield code="0">https://d-nb.info/gnd/4048737-4</subfield>
<subfield code="0">(DE-101)040487377</subfield>
<subfield code="D">s</subfield>
<subfield code="a">Recht</subfield>
</datafield>
<datafield ind1="1" ind2="4" tag="689">
<subfield code="0">(DE-588)4153493-1</subfield>
<subfield code="0">https://d-nb.info/gnd/4153493-1</subfield>
<subfield code="0">(DE-101)04153493X</subfield>
<subfield code="D">s</subfield>
<subfield code="a">Fachliteratur</subfield>
</datafield>
<datafield ind1="1" ind2="5" tag="689">
<subfield code="A">z</subfield>
<subfield code="a">Geschichte 1815-</subfield>
</datafield>
<datafield ind1="1" ind2=" " tag="689">
<subfield code="5">DE-101</subfield>
<subfield code="5">DE-101</subfield>
</datafield>
<datafield ind1="0" ind2="8" tag="776">
<subfield code="i">Erscheint auch als</subfield>
<subfield code="n">Druck-Ausgabe</subfield>
<subfield code="t">Die Fehde des Sichar</subfield>
<subfield code="d">Baden-Baden : Nomos, 2008</subfield>
<subfield code="h">318 S.</subfield>
<subfield code="w">(DE-101)990356426</subfield>
<subfield code="b">1. Aufl.</subfield>
</datafield>
<datafield ind1="0" ind2="8" tag="776">
<subfield code="i">Elektronische Reproduktion von</subfield>
<subfield code="z">9783832938949</subfield>
</datafield>
<datafield ind1=" " ind2="0" tag="830">
<subfield code="a">Rheinische Schriften zur Rechtsgeschichte</subfield>
<subfield code="v">10</subfield>
</datafield>
<datafield ind1=" " ind2=" " tag="850">
<subfield code="a">DE-101a</subfield>
<subfield code="a">DE-101b</subfield>
</datafield>
<datafield ind1="4" ind2="0" tag="856">
<subfield code="u">https://nbn-resolving.org/urn:nbn:de:101:1-201702246934</subfield>
<subfield code="x">Resolving-System</subfield>
</datafield>
<datafield ind1=" " ind2="0" tag="856">
<subfield code="u">https://d-nb.info/112625990X/34</subfield>
<subfield code="x">Langzeitarchivierung Nationalbibliothek</subfield>
</datafield>
<datafield ind1="4" ind2=" " tag="856">
<subfield code="q">application/pdf</subfield>
</datafield>
<datafield ind1=" " ind2=" " tag="883">
<subfield code="8">1\p</subfield>
<subfield code="a">dnb-cgwrk</subfield>
<subfield code="d">20250801</subfield>
<subfield code="q">DE-101</subfield>
<subfield code="u">https://d-nb.info/provenance/plan#dnb-cgwrk</subfield>
</datafield>
<datafield ind1="1" ind2=" " tag="883">
<subfield code="8">2\p</subfield>
<subfield code="a">npi</subfield>
<subfield code="d">20200612</subfield>
<subfield code="q">DE-101</subfield>
<subfield code="u">https://d-nb.info/provenance/plan#npi</subfield>
</datafield>
<datafield ind1="2" ind2=" " tag="883">
<subfield code="8">5\p</subfield>
<subfield code="a">dnb-pa</subfield>
<subfield code="d">20170225</subfield>
<subfield code="q">DE-101</subfield>
<subfield code="u">https://d-nb.info/provenance/plan#dnb-pa</subfield>
</datafield>
<datafield ind1="r" ind2=" " tag="925">
<subfield code="a">ro</subfield>
<subfield code="a">ra</subfield>
</datafield>
<datafield ind1="1" ind2=" " tag="926">
<subfield code="a">LA</subfield>
<subfield code="o">93</subfield>
<subfield code="v">1.0</subfield>
</datafield>
<datafield ind1=" " ind2=" " tag="927">
<subfield code="a">219217924</subfield>
</datafield>
</record>