<record type="Bibliographic" xmlns="http://www.loc.gov/MARC21/slim">
<leader>00000nam a2200000 c 4500</leader>
<controlfield tag="001">997843144</controlfield>
<controlfield tag="003">DE-101</controlfield>
<controlfield tag="005">20171202121915.0</controlfield>
<controlfield tag="007">tu</controlfield>
<controlfield tag="008">091103s2008    hu ||||| |||| 00||||ger  </controlfield>
<datafield ind1=" " ind2=" " tag="015">
<subfield code="a">10,B08</subfield>
<subfield code="2">dnb</subfield>
</datafield>
<datafield ind1="7" ind2=" " tag="016">
<subfield code="2">DE-101</subfield>
<subfield code="a">997843144</subfield>
</datafield>
<datafield ind1=" " ind2=" " tag="020">
<subfield code="c">geh.</subfield>
</datafield>
<datafield ind1=" " ind2=" " tag="035">
<subfield code="a">(DE-599)DNB997843144</subfield>
</datafield>
<datafield ind1=" " ind2=" " tag="035">
<subfield code="a">(OCoLC)530417998</subfield>
</datafield>
<datafield ind1=" " ind2=" " tag="040">
<subfield code="a">1131</subfield>
<subfield code="b">ger</subfield>
<subfield code="c">DE-101</subfield>
<subfield code="d">9999</subfield>
</datafield>
<datafield ind1=" " ind2=" " tag="041">
<subfield code="a">ger</subfield>
</datafield>
<datafield ind1=" " ind2=" " tag="044">
<subfield code="c">XA-HU</subfield>
</datafield>
<datafield ind1="0" ind2="4" tag="082">
<subfield code="8">1\u</subfield>
<subfield code="a">340.58</subfield>
<subfield code="q">DE-101</subfield>
<subfield code="2">22/ger</subfield>
</datafield>
<datafield ind1="7" ind2=" " tag="083">
<subfield code="a">340</subfield>
<subfield code="q">DE-101</subfield>
<subfield code="2">22sdnb</subfield>
</datafield>
<datafield ind1=" " ind2=" " tag="085">
<subfield code="8">1\u</subfield>
<subfield code="b">340.58</subfield>
</datafield>
<datafield ind1=" " ind2=" " tag="090">
<subfield code="a">b</subfield>
</datafield>
<datafield ind1="1" ind2=" " tag="100">
<subfield code="0">(DE-588)122115635</subfield>
<subfield code="0">https://d-nb.info/gnd/122115635</subfield>
<subfield code="0">(DE-101)122115635</subfield>
<subfield code="a">Jerouschek, Günter</subfield>
<subfield code="d">1950-</subfield>
<subfield code="e">Verfasser</subfield>
<subfield code="4">aut</subfield>
<subfield code="2">gnd</subfield>
</datafield>
<datafield ind1="1" ind2="0" tag="245">
<subfield code="a">"Wer Menschenblut vergießt, des Blut soll auch durch Menschen vergossen werden"</subfield>
<subfield code="b">Überlegungen zu peinlicher Strafe, Fehde und Buße im mosaischen Recht</subfield>
<subfield code="c">Günter Jerouschek</subfield>
</datafield>
<datafield ind1=" " ind2="1" tag="264">
<subfield code="a">Budapest</subfield>
<subfield code="b">Eötvös Loránd Univ., Lehrstuhl für Ungar. Rechtsgeschichte</subfield>
<subfield code="c">2008</subfield>
</datafield>
<datafield ind1=" " ind2=" " tag="300">
<subfield code="a">16 S.</subfield>
<subfield code="c">21 cm</subfield>
</datafield>
<datafield ind1=" " ind2=" " tag="336">
<subfield code="a">Text</subfield>
<subfield code="b">txt</subfield>
<subfield code="2">rdacontent</subfield>
</datafield>
<datafield ind1=" " ind2=" " tag="337">
<subfield code="a">ohne Hilfsmittel zu benutzen</subfield>
<subfield code="b">n</subfield>
<subfield code="2">rdamedia</subfield>
</datafield>
<datafield ind1=" " ind2=" " tag="338">
<subfield code="a">Band</subfield>
<subfield code="b">nc</subfield>
<subfield code="2">rdacarrier</subfield>
</datafield>
<datafield ind1="1" ind2=" " tag="490">
<subfield code="a">Rechtsgeschichtliche Vorträge</subfield>
<subfield code="v">54</subfield>
</datafield>
<datafield ind1=" " ind2="0" tag="830">
<subfield code="a">Rechtsgeschichtliche Vorträge</subfield>
<subfield code="v">54</subfield>
<subfield code="w">(DE-101)025752510</subfield>
<subfield code="w">(DE-600)2139066-6</subfield>
<subfield code="9">254</subfield>
<subfield code="7">as</subfield>
</datafield>
<datafield ind1=" " ind2=" " tag="850">
<subfield code="a">DE-101a</subfield>
</datafield>
<datafield ind1="r" ind2=" " tag="925">
<subfield code="a">rb</subfield>
</datafield>
</record>