<record type="Bibliographic" xmlns="http://www.loc.gov/MARC21/slim">
<leader>00000pam a2200000 c 4500</leader>
<controlfield tag="001">975343440</controlfield>
<controlfield tag="003">DE-101</controlfield>
<controlfield tag="005">20171203183057.0</controlfield>
<controlfield tag="007">tu</controlfield>
<controlfield tag="008">050620s2006    gw ||||| |||| 00||||ger  </controlfield>
<datafield ind1=" " ind2=" " tag="015">
<subfield code="a">06,A09,1839</subfield>
<subfield code="z">05,N28,1609</subfield>
<subfield code="2">dnb</subfield>
</datafield>
<datafield ind1="7" ind2=" " tag="016">
<subfield code="2">DE-101</subfield>
<subfield code="a">975343440</subfield>
</datafield>
<datafield ind1=" " ind2=" " tag="020">
<subfield code="a">9783404154463</subfield>
<subfield code="c">kart. : EUR 8.95, sfr 16.50</subfield>
<subfield code="9">978-3-404-15446-3</subfield>
</datafield>
<datafield ind1=" " ind2=" " tag="020">
<subfield code="a">3404154460</subfield>
<subfield code="c">kart. : EUR 8.95, sfr 16.50</subfield>
<subfield code="9">3-404-15446-0</subfield>
</datafield>
<datafield ind1="3" ind2=" " tag="024">
<subfield code="a">9783404154463</subfield>
</datafield>
<datafield ind1=" " ind2=" " tag="035">
<subfield code="a">(DE-599)DNB975343440</subfield>
</datafield>
<datafield ind1=" " ind2=" " tag="035">
<subfield code="a">(OCoLC)179979461</subfield>
</datafield>
<datafield ind1=" " ind2=" " tag="040">
<subfield code="a">1145</subfield>
<subfield code="b">ger</subfield>
<subfield code="c">DE-101</subfield>
<subfield code="d">9999</subfield>
</datafield>
<datafield ind1=" " ind2=" " tag="041">
<subfield code="a">ger</subfield>
<subfield code="h">eng</subfield>
</datafield>
<datafield ind1=" " ind2=" " tag="044">
<subfield code="c">XA-DE-NW</subfield>
</datafield>
<datafield ind1="7" ind2="4" tag="082">
<subfield code="a">820</subfield>
<subfield code="a">B</subfield>
<subfield code="q">DE-101</subfield>
<subfield code="2">22sdnb</subfield>
</datafield>
<datafield ind1="1" ind2=" " tag="100">
<subfield code="0">(DE-588)120557541</subfield>
<subfield code="0">https://d-nb.info/gnd/120557541</subfield>
<subfield code="0">(DE-101)120557541</subfield>
<subfield code="a">Harris, Julie</subfield>
<subfield code="d">1957-</subfield>
<subfield code="e">Verfasser</subfield>
<subfield code="4">aut</subfield>
<subfield code="2">gnd</subfield>
</datafield>
<datafield ind1="1" ind2="0" tag="245">
<subfield code="a">Im Zeichen der Fehde</subfield>
<subfield code="b">historischer Roman</subfield>
<subfield code="c">Julie Harris. Ins Dt. übertr. von Isabell Lorenz</subfield>
</datafield>
<datafield ind1=" " ind2=" " tag="250">
<subfield code="a">Dt. Erstveröff., vollst. Taschenbuchausg., 1. Aufl.</subfield>
</datafield>
<datafield ind1=" " ind2=" " tag="259">
<subfield code="a">11</subfield>
</datafield>
<datafield ind1=" " ind2="1" tag="264">
<subfield code="a">Bergisch Gladbach</subfield>
<subfield code="b">Bastei Lübbe</subfield>
<subfield code="c">2006</subfield>
</datafield>
<datafield ind1=" " ind2=" " tag="300">
<subfield code="a">573 S.</subfield>
<subfield code="c">19 cm</subfield>
</datafield>
<datafield ind1=" " ind2=" " tag="336">
<subfield code="a">Text</subfield>
<subfield code="b">txt</subfield>
<subfield code="2">rdacontent</subfield>
</datafield>
<datafield ind1=" " ind2=" " tag="337">
<subfield code="a">ohne Hilfsmittel zu benutzen</subfield>
<subfield code="b">n</subfield>
<subfield code="2">rdamedia</subfield>
</datafield>
<datafield ind1=" " ind2=" " tag="338">
<subfield code="a">Band</subfield>
<subfield code="b">nc</subfield>
<subfield code="2">rdacarrier</subfield>
</datafield>
<datafield ind1="1" ind2=" " tag="490">
<subfield code="a">Bastei-Lübbe-Taschenbuch</subfield>
<subfield code="v">Bd. 15446 : Allgemeine Reihe</subfield>
</datafield>
<datafield ind1="3" ind2="7" tag="600">
<subfield code="0">(DE-588)119250047</subfield>
<subfield code="0">https://d-nb.info/gnd/119250047</subfield>
<subfield code="0">(DE-101)119250047</subfield>
<subfield code="a">Polignac</subfield>
<subfield code="c">Familie</subfield>
<subfield code="9">rswk-swf</subfield>
<subfield code="2">gnd</subfield>
</datafield>
<datafield ind1=" " ind2="7" tag="650">
<subfield code="0">(DE-588)4139113-5</subfield>
<subfield code="0">https://d-nb.info/gnd/4139113-5</subfield>
<subfield code="0">(DE-101)041391136</subfield>
<subfield code="a">Kreuzzug</subfield>
<subfield code="g">1248-1254</subfield>
<subfield code="9">rswk-swf</subfield>
<subfield code="2">gnd</subfield>
</datafield>
<datafield ind1=" " ind2=" " tag="653">
<subfield code="a">(VLB-PF)BC: Paperback</subfield>
</datafield>
<datafield ind1=" " ind2="7" tag="655">
<subfield code="0">(DE-588)1071854844</subfield>
<subfield code="0">https://d-nb.info/gnd/1071854844</subfield>
<subfield code="0">(DE-101)1071854844</subfield>
<subfield code="a">Fiktionale Darstellung</subfield>
<subfield code="2">gnd-content</subfield>
</datafield>
<datafield ind1=" " ind2="7" tag="655">
<subfield code="a">Belletristische Darstellung</subfield>
<subfield code="9">rswk-swf</subfield>
<subfield code="2">gnd</subfield>
</datafield>
<datafield ind1=" " ind2="7" tag="655">
<subfield code="a">Belletristische Darstellung</subfield>
<subfield code="9">rswk-swf</subfield>
<subfield code="2">gnd</subfield>
</datafield>
<datafield ind1="0" ind2="0" tag="689">
<subfield code="0">(DE-588)119250047</subfield>
<subfield code="0">https://d-nb.info/gnd/119250047</subfield>
<subfield code="0">(DE-101)119250047</subfield>
<subfield code="D">p</subfield>
<subfield code="a">Polignac</subfield>
<subfield code="c">Familie</subfield>
</datafield>
<datafield ind1="0" ind2="1" tag="689">
<subfield code="A">f</subfield>
<subfield code="a">Belletristische Darstellung</subfield>
</datafield>
<datafield ind1="0" ind2=" " tag="689">
<subfield code="5">DE-101</subfield>
<subfield code="5">DE-101</subfield>
</datafield>
<datafield ind1="1" ind2="0" tag="689">
<subfield code="0">(DE-588)4139113-5</subfield>
<subfield code="0">https://d-nb.info/gnd/4139113-5</subfield>
<subfield code="0">(DE-101)041391136</subfield>
<subfield code="D">s</subfield>
<subfield code="a">Kreuzzug</subfield>
<subfield code="g">1248-1254</subfield>
</datafield>
<datafield ind1="1" ind2="1" tag="689">
<subfield code="A">f</subfield>
<subfield code="a">Belletristische Darstellung</subfield>
</datafield>
<datafield ind1="1" ind2=" " tag="689">
<subfield code="5">DE-101</subfield>
<subfield code="5">DE-101</subfield>
</datafield>
<datafield ind1="1" ind2="2" tag="700">
<subfield code="a">Harris, Julie</subfield>
<subfield code="d">1957-</subfield>
<subfield code="2">gnd</subfield>
<subfield code="t">All or nothing at all</subfield>
<subfield code="g">dt.</subfield>
</datafield>
<datafield ind1=" " ind2="0" tag="830">
<subfield code="a">Bastei-Lübbe-Taschenbuch</subfield>
<subfield code="v">Bd. 15446 : Allgemeine Reihe</subfield>
<subfield code="w">(DE-101)010434747</subfield>
<subfield code="w">(DE-600)49563-3</subfield>
<subfield code="9">515446</subfield>
<subfield code="7">as</subfield>
</datafield>
<datafield ind1=" " ind2=" " tag="850">
<subfield code="a">DE-101a</subfield>
<subfield code="a">DE-101b</subfield>
</datafield>
<datafield ind1="r" ind2=" " tag="925">
<subfield code="a">ra</subfield>
</datafield>
</record>