<record type="Bibliographic" xmlns="http://www.loc.gov/MARC21/slim">
<leader>00000nam a2200000uc 4500</leader>
<controlfield tag="001">1139778374</controlfield>
<controlfield tag="003">DE-101</controlfield>
<controlfield tag="005">20230405003012.0</controlfield>
<controlfield tag="007">cr||||||||||||</controlfield>
<controlfield tag="008">170913s2005    gw |||||o|||| 00||||ger  </controlfield>
<datafield ind1=" " ind2=" " tag="015">
<subfield code="a">17,O10</subfield>
<subfield code="2">dnb</subfield>
</datafield>
<datafield ind1="7" ind2=" " tag="016">
<subfield code="2">DE-101</subfield>
<subfield code="a">1139778374</subfield>
</datafield>
<datafield ind1="7" ind2=" " tag="024">
<subfield code="2">urn</subfield>
<subfield code="a">urn:nbn:de:bsz:25-opus-54966</subfield>
</datafield>
<datafield ind1=" " ind2=" " tag="035">
<subfield code="a">(DE-599)DNB1139778374</subfield>
</datafield>
<datafield ind1=" " ind2=" " tag="035">
<subfield code="a">(OCoLC)1005517116</subfield>
</datafield>
<datafield ind1=" " ind2=" " tag="040">
<subfield code="a">1240</subfield>
<subfield code="b">ger</subfield>
<subfield code="c">DE-101</subfield>
<subfield code="d">9999</subfield>
<subfield code="e">rda</subfield>
</datafield>
<datafield ind1=" " ind2=" " tag="041">
<subfield code="a">ger</subfield>
</datafield>
<datafield ind1=" " ind2=" " tag="044">
<subfield code="c">XA-DE-BW</subfield>
</datafield>
<datafield ind1="7" ind2="4" tag="082">
<subfield code="8">8\p</subfield>
<subfield code="a">943</subfield>
<subfield code="q">DE-101</subfield>
<subfield code="2">23sdnb</subfield>
</datafield>
<datafield ind1="1" ind2=" " tag="100">
<subfield code="0">(DE-588)129386456</subfield>
<subfield code="0">https://d-nb.info/gnd/129386456</subfield>
<subfield code="0">(DE-101)129386456</subfield>
<subfield code="a">Graf, Klaus</subfield>
<subfield code="d">1958-</subfield>
<subfield code="e">Verfasser</subfield>
<subfield code="4">aut</subfield>
<subfield code="2">gnd</subfield>
</datafield>
<datafield ind1="1" ind2="0" tag="245">
<subfield code="a">Die Fehde Hans Diemars von Lindach gegen die Reichsstadt Schwäbisch Gmünd (1543-1554)</subfield>
</datafield>
<datafield ind1=" " ind2="1" tag="264">
<subfield code="a">Freiburg</subfield>
<subfield code="b">Universität</subfield>
<subfield code="c">2005</subfield>
</datafield>
<datafield ind1=" " ind2=" " tag="300">
<subfield code="a">Online-Ressource</subfield>
</datafield>
<datafield ind1=" " ind2=" " tag="336">
<subfield code="a">Text</subfield>
<subfield code="b">txt</subfield>
<subfield code="2">rdacontent</subfield>
</datafield>
<datafield ind1=" " ind2=" " tag="337">
<subfield code="a">Computermedien</subfield>
<subfield code="b">c</subfield>
<subfield code="2">rdamedia</subfield>
</datafield>
<datafield ind1=" " ind2=" " tag="338">
<subfield code="a">Online-Ressource</subfield>
<subfield code="b">cr</subfield>
<subfield code="2">rdacarrier</subfield>
</datafield>
<datafield ind1=" " ind2=" " tag="500">
<subfield code="a">Gmünder Studien 7 (2005), S. 7-32</subfield>
</datafield>
<datafield ind1=" " ind2=" " tag="500">
<subfield code="a">IN COPYRIGHT http://rightsstatements.org/page/InC/1.0 rs</subfield>
</datafield>
<datafield ind1=" " ind2=" " tag="520">
<subfield code="a">Abstract: Der Aufsatz behandelt - aufgrund Stuttgarter und Wiener Akten - eine "späte Fehde" in der Mitte des 16. Jahrhunderts, den Konflikt zwischen einem in Lindach bei Schwäbisch Gmünd ansässigen Kleinadeligen Hans Diemar und der Reichsstadt Schwäbisch Gmünd, der auch vor dem Reichskammergericht ausgetragen wurde. Diemar hatte den Rückhalt der württembergischen Herzöge Ulrich und Christoph, die damals eine Einschüchterungspolitik gegenüber den benachbarten Reichsstädten betrieben. Der letzte Teil des Beitrags diskutiert das Konzept "Städtefeindschaft" für die Konfliktkonstellation Fürsten und Adel versus Städte. Die Fehdeherren (und ihre Gegenspieler in den Städten) waren beides: souverän handelnde Akteure und Gefangene ihrer Ängste und Feindbilder</subfield>
</datafield>
<datafield ind1="1" ind2=" " tag="583">
<subfield code="a">Archivierung/Langzeitarchivierung gewährleistet</subfield>
<subfield code="5">DE-101</subfield>
<subfield code="2">pdager</subfield>
</datafield>
<datafield ind1="1" ind2="7" tag="600">
<subfield code="0">(DE-588)1012568326</subfield>
<subfield code="0">https://d-nb.info/gnd/1012568326</subfield>
<subfield code="0">(DE-101)1012568326</subfield>
<subfield code="a">Diemar von Lindach, Hans</subfield>
<subfield code="d">ca. 16. Jh.</subfield>
<subfield code="2">gnd</subfield>
</datafield>
<datafield ind1=" " ind2="7" tag="650">
<subfield code="8">1\p</subfield>
<subfield code="0">(DE-588)4131009-3</subfield>
<subfield code="0">https://d-nb.info/gnd/4131009-3</subfield>
<subfield code="0">(DE-101)041310098</subfield>
<subfield code="a">Reichsstadt</subfield>
<subfield code="2">gnd</subfield>
</datafield>
<datafield ind1=" " ind2="7" tag="650">
<subfield code="8">2\p</subfield>
<subfield code="0">(DE-588)4153827-4</subfield>
<subfield code="0">https://d-nb.info/gnd/4153827-4</subfield>
<subfield code="0">(DE-101)041538277</subfield>
<subfield code="a">Fehde</subfield>
<subfield code="2">gnd</subfield>
</datafield>
<datafield ind1=" " ind2="7" tag="650">
<subfield code="8">4\p</subfield>
<subfield code="0">(DE-588)4159676-6</subfield>
<subfield code="0">https://d-nb.info/gnd/4159676-6</subfield>
<subfield code="0">(DE-101)041596765</subfield>
<subfield code="a">Herzog</subfield>
<subfield code="2">gnd</subfield>
</datafield>
<datafield ind1=" " ind2="7" tag="650">
<subfield code="8">5\p</subfield>
<subfield code="0">(DE-588)4000464-8</subfield>
<subfield code="0">https://d-nb.info/gnd/4000464-8</subfield>
<subfield code="0">(DE-101)040004643</subfield>
<subfield code="a">Adel</subfield>
<subfield code="2">gnd</subfield>
</datafield>
<datafield ind1=" " ind2="7" tag="650">
<subfield code="8">6\p</subfield>
<subfield code="0">(DE-588)4056723-0</subfield>
<subfield code="0">https://d-nb.info/gnd/4056723-0</subfield>
<subfield code="0">(DE-101)040567230</subfield>
<subfield code="a">Stadt</subfield>
<subfield code="2">gnd</subfield>
</datafield>
<datafield ind1=" " ind2="7" tag="650">
<subfield code="8">7\p</subfield>
<subfield code="0">(DE-588)4003822-1</subfield>
<subfield code="0">https://d-nb.info/gnd/4003822-1</subfield>
<subfield code="0">(DE-101)04003822X</subfield>
<subfield code="a">Ausschreibung</subfield>
<subfield code="2">gnd</subfield>
</datafield>
<datafield ind1=" " ind2="7" tag="650">
<subfield code="0">(DE-588)4153827-4</subfield>
<subfield code="0">https://d-nb.info/gnd/4153827-4</subfield>
<subfield code="0">(DE-101)041538277</subfield>
<subfield code="a">Fehde</subfield>
<subfield code="2">gnd</subfield>
</datafield>
<datafield ind1=" " ind2="7" tag="650">
<subfield code="0">(DE-588)4000464-8</subfield>
<subfield code="0">https://d-nb.info/gnd/4000464-8</subfield>
<subfield code="0">(DE-101)040004643</subfield>
<subfield code="a">Adel</subfield>
<subfield code="2">gnd</subfield>
</datafield>
<datafield ind1=" " ind2="7" tag="650">
<subfield code="0">(DE-588)1049471881</subfield>
<subfield code="0">https://d-nb.info/gnd/1049471881</subfield>
<subfield code="0">(DE-101)1049471881</subfield>
<subfield code="a">Schwäbisch Gmünd</subfield>
<subfield code="g">Motiv</subfield>
<subfield code="2">gnd</subfield>
</datafield>
<datafield ind1=" " ind2="7" tag="650">
<subfield code="0">(DE-588)4511937-5</subfield>
<subfield code="0">https://d-nb.info/gnd/4511937-5</subfield>
<subfield code="0">(DE-101)954353331</subfield>
<subfield code="a">Online-Ressource</subfield>
<subfield code="2">gnd</subfield>
</datafield>
<datafield ind1=" " ind2="7" tag="651">
<subfield code="8">3\p</subfield>
<subfield code="0">(DE-588)4077230-5</subfield>
<subfield code="0">https://d-nb.info/gnd/4077230-5</subfield>
<subfield code="0">(DE-101)040772306</subfield>
<subfield code="a">Schwäbisch Gmünd</subfield>
<subfield code="2">gnd</subfield>
</datafield>
<datafield ind1=" " ind2="7" tag="651">
<subfield code="0">(DE-588)4676751-4</subfield>
<subfield code="0">https://d-nb.info/gnd/4676751-4</subfield>
<subfield code="0">(DE-101)963971603</subfield>
<subfield code="a">Lindach</subfield>
<subfield code="g">Schwäbisch Gmünd</subfield>
<subfield code="2">gnd</subfield>
</datafield>
<datafield ind1=" " ind2=" " tag="653">
<subfield code="a">Städtefeindschaft</subfield>
</datafield>
<datafield ind1=" " ind2=" " tag="653">
<subfield code="a">Feud</subfield>
</datafield>
<datafield ind1=" " ind2="6" tag="653">
<subfield code="a">(local)article</subfield>
</datafield>
<datafield ind1="2" ind2=" " tag="710">
<subfield code="0">(DE-588)5150321-9</subfield>
<subfield code="0">https://d-nb.info/gnd/5150321-9</subfield>
<subfield code="0">(DE-101)945498314</subfield>
<subfield code="a">Albert-Ludwigs-Universität Freiburg</subfield>
<subfield code="b">Historisches Seminar</subfield>
<subfield code="e">Mitwirkender</subfield>
<subfield code="4">ctb</subfield>
<subfield code="2">gnd</subfield>
</datafield>
<datafield ind1="2" ind2=" " tag="710">
<subfield code="0">(DE-588)2024338-8</subfield>
<subfield code="0">https://d-nb.info/gnd/2024338-8</subfield>
<subfield code="0">(DE-101)004816633</subfield>
<subfield code="a">Albert-Ludwigs-Universität Freiburg</subfield>
<subfield code="e">Verlag</subfield>
<subfield code="4">pbl</subfield>
<subfield code="2">gnd</subfield>
</datafield>
<datafield ind1=" " ind2=" " tag="850">
<subfield code="a">DE-101a</subfield>
<subfield code="a">DE-101b</subfield>
</datafield>
<datafield ind1="4" ind2="0" tag="856">
<subfield code="u">https://nbn-resolving.org/urn:nbn:de:bsz:25-opus-54966</subfield>
<subfield code="x">Resolving-System</subfield>
</datafield>
<datafield ind1=" " ind2="0" tag="856">
<subfield code="u">https://d-nb.info/1139778374/34</subfield>
<subfield code="x">Langzeitarchivierung Nationalbibliothek</subfield>
</datafield>
<datafield ind1="4" ind2=" " tag="856">
<subfield code="q">application/pdf</subfield>
<subfield code="u">https://freidok.uni-freiburg.de/data/5496</subfield>
<subfield code="z">kostenfrei</subfield>
</datafield>
<datafield ind1="0" ind2=" " tag="883">
<subfield code="8">1\p</subfield>
<subfield code="a">aepgnd</subfield>
<subfield code="c">0,543</subfield>
<subfield code="d">20170914</subfield>
<subfield code="q">DE-101</subfield>
<subfield code="u">https://d-nb.info/provenance/plan#aepgnd</subfield>
</datafield>
<datafield ind1="0" ind2=" " tag="883">
<subfield code="8">2\p</subfield>
<subfield code="a">aepgnd</subfield>
<subfield code="c">0,061</subfield>
<subfield code="d">20170914</subfield>
<subfield code="q">DE-101</subfield>
<subfield code="u">https://d-nb.info/provenance/plan#aepgnd</subfield>
</datafield>
<datafield ind1="0" ind2=" " tag="883">
<subfield code="8">3\p</subfield>
<subfield code="a">aepgnd</subfield>
<subfield code="c">0,038</subfield>
<subfield code="d">20170914</subfield>
<subfield code="q">DE-101</subfield>
<subfield code="u">https://d-nb.info/provenance/plan#aepgnd</subfield>
</datafield>
<datafield ind1="0" ind2=" " tag="883">
<subfield code="8">4\p</subfield>
<subfield code="a">aepgnd</subfield>
<subfield code="c">0,025</subfield>
<subfield code="d">20170914</subfield>
<subfield code="q">DE-101</subfield>
<subfield code="u">https://d-nb.info/provenance/plan#aepgnd</subfield>
</datafield>
<datafield ind1="0" ind2=" " tag="883">
<subfield code="8">5\p</subfield>
<subfield code="a">aepgnd</subfield>
<subfield code="c">0,019</subfield>
<subfield code="d">20170914</subfield>
<subfield code="q">DE-101</subfield>
<subfield code="u">https://d-nb.info/provenance/plan#aepgnd</subfield>
</datafield>
<datafield ind1="0" ind2=" " tag="883">
<subfield code="8">6\p</subfield>
<subfield code="a">aepgnd</subfield>
<subfield code="c">0,018</subfield>
<subfield code="d">20170914</subfield>
<subfield code="q">DE-101</subfield>
<subfield code="u">https://d-nb.info/provenance/plan#aepgnd</subfield>
</datafield>
<datafield ind1="0" ind2=" " tag="883">
<subfield code="8">7\p</subfield>
<subfield code="a">aepgnd</subfield>
<subfield code="c">0,015</subfield>
<subfield code="d">20170914</subfield>
<subfield code="q">DE-101</subfield>
<subfield code="u">https://d-nb.info/provenance/plan#aepgnd</subfield>
</datafield>
<datafield ind1="0" ind2=" " tag="883">
<subfield code="8">8\p</subfield>
<subfield code="a">aepsg</subfield>
<subfield code="c">0,977</subfield>
<subfield code="d">20170914</subfield>
<subfield code="q">DE-101</subfield>
<subfield code="u">https://d-nb.info/provenance/plan#aepsg</subfield>
</datafield>
<datafield ind1="r" ind2=" " tag="925">
<subfield code="a">ro</subfield>
<subfield code="a">rb</subfield>
</datafield>
<datafield ind1=" " ind2=" " tag="927">
<subfield code="a">28966953</subfield>
</datafield>
</record>