<record type="Bibliographic" xmlns="http://www.loc.gov/MARC21/slim">
<leader>00000nam a2200000uc 4500</leader>
<controlfield tag="001">1178638170</controlfield>
<controlfield tag="003">DE-101</controlfield>
<controlfield tag="005">20190221101518.0</controlfield>
<controlfield tag="007">cr||||||||||||</controlfield>
<controlfield tag="008">190220s2005    gw |||||o|||| 00||||ger  </controlfield>
<datafield ind1=" " ind2=" " tag="015">
<subfield code="a">19,O03</subfield>
<subfield code="2">dnb</subfield>
</datafield>
<datafield ind1="7" ind2=" " tag="016">
<subfield code="2">DE-101</subfield>
<subfield code="a">1178638170</subfield>
</datafield>
<datafield ind1=" " ind2=" " tag="020">
<subfield code="a">9783638439688</subfield>
<subfield code="9">978-3-638-43968-8</subfield>
</datafield>
<datafield ind1="3" ind2=" " tag="024">
<subfield code="a">9783638439688</subfield>
</datafield>
<datafield ind1="7" ind2=" " tag="024">
<subfield code="2">urn</subfield>
<subfield code="a">urn:nbn:de:101:1-2019022018092321302267</subfield>
</datafield>
<datafield ind1=" " ind2=" " tag="035">
<subfield code="a">(DE-599)DNB1178638170</subfield>
</datafield>
<datafield ind1=" " ind2=" " tag="035">
<subfield code="a">(OCoLC)1189402297</subfield>
</datafield>
<datafield ind1=" " ind2=" " tag="040">
<subfield code="a">1240</subfield>
<subfield code="b">ger</subfield>
<subfield code="c">DE-101</subfield>
<subfield code="d">0292</subfield>
</datafield>
<datafield ind1=" " ind2=" " tag="041">
<subfield code="a">ger</subfield>
</datafield>
<datafield ind1=" " ind2=" " tag="044">
<subfield code="c">XA-DE-BY</subfield>
</datafield>
<datafield ind1="7" ind2="4" tag="082">
<subfield code="8">5\p</subfield>
<subfield code="a">830</subfield>
<subfield code="q">DE-101</subfield>
<subfield code="2">23sdnb</subfield>
</datafield>
<datafield ind1="1" ind2=" " tag="100">
<subfield code="a">Korte, Elmar</subfield>
<subfield code="e">Verfasser</subfield>
<subfield code="4">aut</subfield>
</datafield>
<datafield ind1="1" ind2="0" tag="245">
<subfield code="a">Die Reinmar-Walther Fehde</subfield>
<subfield code="c">Elmar Korte</subfield>
</datafield>
<datafield ind1=" " ind2=" " tag="250">
<subfield code="a">1. Auflage, digitale Originalausgabe</subfield>
</datafield>
<datafield ind1=" " ind2=" " tag="259">
<subfield code="a">11</subfield>
</datafield>
<datafield ind1=" " ind2="1" tag="264">
<subfield code="a">München</subfield>
<subfield code="b">GRIN Verlag</subfield>
<subfield code="c">2005</subfield>
</datafield>
<datafield ind1=" " ind2=" " tag="300">
<subfield code="a">Online-Ressource, 21 Seiten</subfield>
</datafield>
<datafield ind1=" " ind2=" " tag="336">
<subfield code="a">Text</subfield>
<subfield code="b">txt</subfield>
<subfield code="2">rdacontent</subfield>
</datafield>
<datafield ind1=" " ind2=" " tag="337">
<subfield code="a">Computermedien</subfield>
<subfield code="b">c</subfield>
<subfield code="2">rdamedia</subfield>
</datafield>
<datafield ind1=" " ind2=" " tag="338">
<subfield code="a">Online-Ressource</subfield>
<subfield code="b">cr</subfield>
<subfield code="2">rdacarrier</subfield>
</datafield>
<datafield ind1=" " ind2=" " tag="500">
<subfield code="a">Vom Verlag als Druckwerk on demand und/oder als E-Book angeboten</subfield>
</datafield>
<datafield ind1="1" ind2=" " tag="583">
<subfield code="a">Archivierung/Langzeitarchivierung gewährleistet</subfield>
<subfield code="5">DE-101</subfield>
<subfield code="2">pdager</subfield>
</datafield>
<datafield ind1=" " ind2="7" tag="650">
<subfield code="8">1\p</subfield>
<subfield code="0">(DE-588)4153827-4</subfield>
<subfield code="0">https://d-nb.info/gnd/4153827-4</subfield>
<subfield code="0">(DE-101)041538277</subfield>
<subfield code="a">Fehde</subfield>
<subfield code="2">gnd</subfield>
</datafield>
<datafield ind1=" " ind2="7" tag="650">
<subfield code="8">2\p</subfield>
<subfield code="0">(DE-588)4035669-3</subfield>
<subfield code="0">https://d-nb.info/gnd/4035669-3</subfield>
<subfield code="0">(DE-101)040356698</subfield>
<subfield code="a">Lied</subfield>
<subfield code="2">gnd</subfield>
</datafield>
<datafield ind1=" " ind2="7" tag="650">
<subfield code="8">3\p</subfield>
<subfield code="0">(DE-588)4044719-4</subfield>
<subfield code="0">https://d-nb.info/gnd/4044719-4</subfield>
<subfield code="0">(DE-101)040447197</subfield>
<subfield code="a">Parodie</subfield>
<subfield code="2">gnd</subfield>
</datafield>
<datafield ind1=" " ind2="7" tag="650">
<subfield code="8">4\p</subfield>
<subfield code="0">(DE-588)4183778-2</subfield>
<subfield code="0">https://d-nb.info/gnd/4183778-2</subfield>
<subfield code="0">(DE-101)041837789</subfield>
<subfield code="a">Strophe</subfield>
<subfield code="2">gnd</subfield>
</datafield>
<datafield ind1=" " ind2=" " tag="653">
<subfield code="a">(Produktform)Electronic book text</subfield>
</datafield>
<datafield ind1=" " ind2=" " tag="653">
<subfield code="a">(BISAC Subject Heading)LIT004170: LITERARY CRITICISM / European / German</subfield>
</datafield>
<datafield ind1=" " ind2=" " tag="653">
<subfield code="a">Reinmar;Fehde</subfield>
</datafield>
<datafield ind1=" " ind2=" " tag="653">
<subfield code="a">(VLB-WN)9563: Deutsche Sprachwissenschaft, Deutschsprachige Literaturwissenschaft</subfield>
</datafield>
<datafield ind1="0" ind2="8" tag="776">
<subfield code="i">Erscheint auch als</subfield>
<subfield code="n">Druck-Ausgabe</subfield>
<subfield code="z">9783640351008</subfield>
</datafield>
<datafield ind1=" " ind2=" " tag="850">
<subfield code="a">DE-101a</subfield>
<subfield code="a">DE-101b</subfield>
</datafield>
<datafield ind1="4" ind2="0" tag="856">
<subfield code="u">https://nbn-resolving.org/urn:nbn:de:101:1-2019022018092321302267</subfield>
<subfield code="x">Resolving-System</subfield>
</datafield>
<datafield ind1=" " ind2="0" tag="856">
<subfield code="u">https://d-nb.info/1178638170/34</subfield>
<subfield code="x">Langzeitarchivierung Nationalbibliothek</subfield>
</datafield>
<datafield ind1="4" ind2=" " tag="856">
<subfield code="q">epub</subfield>
<subfield code="u">https://www.grin.com/document/46882</subfield>
<subfield code="x">Verlag</subfield>
</datafield>
<datafield ind1="0" ind2=" " tag="883">
<subfield code="8">1\p</subfield>
<subfield code="a">aepgnd</subfield>
<subfield code="c">0,13455</subfield>
<subfield code="d">20190221</subfield>
<subfield code="q">DE-101</subfield>
<subfield code="u">https://d-nb.info/provenance/plan#aepgnd</subfield>
</datafield>
<datafield ind1="0" ind2=" " tag="883">
<subfield code="8">2\p</subfield>
<subfield code="a">aepgnd</subfield>
<subfield code="c">0,05256</subfield>
<subfield code="d">20190221</subfield>
<subfield code="q">DE-101</subfield>
<subfield code="u">https://d-nb.info/provenance/plan#aepgnd</subfield>
</datafield>
<datafield ind1="0" ind2=" " tag="883">
<subfield code="8">3\p</subfield>
<subfield code="a">aepgnd</subfield>
<subfield code="c">0,05088</subfield>
<subfield code="d">20190221</subfield>
<subfield code="q">DE-101</subfield>
<subfield code="u">https://d-nb.info/provenance/plan#aepgnd</subfield>
</datafield>
<datafield ind1="0" ind2=" " tag="883">
<subfield code="8">4\p</subfield>
<subfield code="a">aepgnd</subfield>
<subfield code="c">0,03467</subfield>
<subfield code="d">20190221</subfield>
<subfield code="q">DE-101</subfield>
<subfield code="u">https://d-nb.info/provenance/plan#aepgnd</subfield>
</datafield>
<datafield ind1="0" ind2=" " tag="883">
<subfield code="8">5\p</subfield>
<subfield code="a">aepsg</subfield>
<subfield code="c">0,98723</subfield>
<subfield code="d">20190221</subfield>
<subfield code="q">DE-101</subfield>
<subfield code="u">https://d-nb.info/provenance/plan#aepsg</subfield>
</datafield>
<datafield ind1="r" ind2=" " tag="925">
<subfield code="a">ro</subfield>
<subfield code="a">ra</subfield>
</datafield>
<datafield ind1="p" ind2=" " tag="925">
<subfield code="a">pd</subfield>
</datafield>
<datafield ind1="2" ind2=" " tag="926">
<subfield code="a">1DFG</subfield>
<subfield code="o">94</subfield>
<subfield code="v">1.2</subfield>
<subfield code="x">Germany</subfield>
</datafield>
<datafield ind1="2" ind2=" " tag="926">
<subfield code="a">DS</subfield>
<subfield code="o">93</subfield>
<subfield code="v">1.2</subfield>
<subfield code="x">Literature: history &amp; criticism</subfield>
</datafield>
<datafield ind1=" " ind2=" " tag="927">
<subfield code="a">114196480</subfield>
</datafield>
</record>