<record type="Bibliographic" xmlns="http://www.loc.gov/MARC21/slim">
<leader>00000naa a2200000uc 4500</leader>
<controlfield tag="001">1280474297</controlfield>
<controlfield tag="003">DE-101</controlfield>
<controlfield tag="005">20250404111700.0</controlfield>
<controlfield tag="007">cr||||||||||||</controlfield>
<controlfield tag="008">230208s2023    gw |||||o|||| 00||||ger  </controlfield>
<datafield ind1="7" ind2=" " tag="016">
<subfield code="2">DE-101</subfield>
<subfield code="a">1280474297</subfield>
</datafield>
<datafield ind1="7" ind2=" " tag="024">
<subfield code="a">10.53458/wfr.v89i.4994.g4939</subfield>
<subfield code="2">doi</subfield>
</datafield>
<datafield ind1="7" ind2=" " tag="024">
<subfield code="2">urn</subfield>
<subfield code="a">urn:nbn:de:101:1-2023020816330472010915</subfield>
</datafield>
<datafield ind1=" " ind2=" " tag="035">
<subfield code="a">(DE-599)DNB1280474297</subfield>
</datafield>
<datafield ind1=" " ind2=" " tag="040">
<subfield code="a">1240</subfield>
<subfield code="b">ger</subfield>
<subfield code="c">DE-101</subfield>
<subfield code="d">1150</subfield>
</datafield>
<datafield ind1=" " ind2=" " tag="041">
<subfield code="8">1\p</subfield>
<subfield code="a">ger</subfield>
</datafield>
<datafield ind1=" " ind2=" " tag="044">
<subfield code="c">XA-DE</subfield>
</datafield>
<datafield ind1="1" ind2=" " tag="100">
<subfield code="8">3\p</subfield>
<subfield code="a">Voit, Thomas</subfield>
<subfield code="e">Verfasser</subfield>
<subfield code="4">aut</subfield>
</datafield>
<datafield ind1="1" ind2="0" tag="245">
<subfield code="a">Rezension von: Schneider, Erich (Hrsg.), Vor 1000 Jahren - Die Schweinfurter Fehde und die Landschaft am Obermain 1003</subfield>
</datafield>
<datafield ind1=" " ind2=" " tag="300">
<subfield code="a">Online-Ressource</subfield>
</datafield>
<datafield ind1=" " ind2=" " tag="336">
<subfield code="a">Text</subfield>
<subfield code="b">txt</subfield>
<subfield code="2">rdacontent</subfield>
</datafield>
<datafield ind1=" " ind2=" " tag="337">
<subfield code="a">Computermedien</subfield>
<subfield code="b">c</subfield>
<subfield code="2">rdamedia</subfield>
</datafield>
<datafield ind1=" " ind2=" " tag="338">
<subfield code="a">Online-Ressource</subfield>
<subfield code="b">cr</subfield>
<subfield code="2">rdacarrier</subfield>
</datafield>
<datafield ind1="0" ind2=" " tag="506">
<subfield code="a">Open Access</subfield>
<subfield code="f">Unrestricted online access</subfield>
<subfield code="u">http://purl.org/coar/access_right/c_abf2</subfield>
<subfield code="2">star</subfield>
</datafield>
<datafield ind1=" " ind2=" " tag="520">
<subfield code="a">Abstract: Erich Schneider (Hrsg.): Vor 1000 Jahren - Die Schweinfurter Fehde und die Landschaft am Obermain 1003 (Schweinfurter Museumsschriften 118), Schweinfurt 2004, 253 S., zahlr. Abb. https://journals.wlb-stuttgart.de/ojs/index.php/wfr/article/view/4994</subfield>
</datafield>
<datafield ind1=" " ind2=" " tag="540">
<subfield code="u">https://creativecommons.org/licenses/by/4.0</subfield>
</datafield>
<datafield ind1="1" ind2=" " tag="583">
<subfield code="a">Archivierung/Langzeitarchivierung gewährleistet</subfield>
<subfield code="5">DE-101</subfield>
<subfield code="2">pdager</subfield>
</datafield>
<datafield ind1=" " ind2=" " tag="653">
<subfield code="a">Rezension</subfield>
</datafield>
<datafield ind1=" " ind2="7" tag="655">
<subfield code="8">2\p</subfield>
<subfield code="0">(DE-588)4049712-4</subfield>
<subfield code="0">https://d-nb.info/gnd/4049712-4</subfield>
<subfield code="0">(DE-101)040497127</subfield>
<subfield code="a">Rezension</subfield>
<subfield code="2">gnd-content</subfield>
</datafield>
<datafield ind1="1" ind2="8" tag="773">
<subfield code="7">|||s</subfield>
<subfield code="g">volume:89</subfield>
<subfield code="g">year:2005</subfield>
</datafield>
<datafield ind1="0" ind2="8" tag="773">
<subfield code="i">Enthalten in</subfield>
<subfield code="t">Württembergisch Franken</subfield>
<subfield code="d">Schwäbisch Hall : Historischer Verein für Württembergisch-Franken, 1882-</subfield>
<subfield code="h">Online-Ressource</subfield>
<subfield code="g">89 (2005)</subfield>
<subfield code="w">(DE-600)3092083-8</subfield>
<subfield code="w">(DE-101)1240409508</subfield>
<subfield code="x">2749-6228</subfield>
</datafield>
<datafield ind1=" " ind2=" " tag="850">
<subfield code="a">DE-101a</subfield>
<subfield code="a">DE-101b</subfield>
</datafield>
<datafield ind1="4" ind2="0" tag="856">
<subfield code="u">https://doi.org/10.53458/wfr.v89i.4994.g4939</subfield>
<subfield code="x">Resolving-System</subfield>
</datafield>
<datafield ind1="4" ind2="0" tag="856">
<subfield code="u">https://nbn-resolving.org/urn:nbn:de:101:1-2023020816330472010915</subfield>
<subfield code="x">Resolving-System</subfield>
</datafield>
<datafield ind1=" " ind2="0" tag="856">
<subfield code="u">https://d-nb.info/1280474297/34</subfield>
<subfield code="x">Langzeitarchivierung Nationalbibliothek</subfield>
</datafield>
<datafield ind1="4" ind2=" " tag="856">
<subfield code="q">application/pdf</subfield>
<subfield code="s">123KB</subfield>
<subfield code="u">https://journals.wlb-stuttgart.de/ojs/index.php/wfr/article/view/4994/4939</subfield>
</datafield>
<datafield ind1="1" ind2=" " tag="883">
<subfield code="8">1\p</subfield>
<subfield code="a">npi</subfield>
<subfield code="d">20230208</subfield>
<subfield code="q">DE-101</subfield>
<subfield code="u">https://d-nb.info/provenance/plan#npi</subfield>
</datafield>
<datafield ind1="0" ind2=" " tag="883">
<subfield code="8">2\p</subfield>
<subfield code="a">maf001</subfield>
<subfield code="c">1,0</subfield>
<subfield code="d">20250404</subfield>
<subfield code="q">DE-101</subfield>
<subfield code="u">https://d-nb.info/provenance/plan#maf001</subfield>
</datafield>
<datafield ind1="1" ind2=" " tag="883">
<subfield code="8">3\p</subfield>
<subfield code="a">npi</subfield>
<subfield code="d">20230208</subfield>
<subfield code="q">DE-101</subfield>
<subfield code="u">https://d-nb.info/provenance/plan#npi</subfield>
</datafield>
<datafield ind1=" " ind2=" " tag="927">
<subfield code="a">756776968</subfield>
</datafield>
</record>