<record type="Bibliographic" xmlns="http://www.loc.gov/MARC21/slim">
<leader>00000pam a2200000 c 4500</leader>
<controlfield tag="001">969405596</controlfield>
<controlfield tag="003">DE-101</controlfield>
<controlfield tag="005">20171203152510.0</controlfield>
<controlfield tag="007">tu</controlfield>
<controlfield tag="008">031124s2004    gw ||||| |||| 00||||ger  </controlfield>
<datafield ind1=" " ind2=" " tag="015">
<subfield code="a">04,A47,1499</subfield>
<subfield code="z">03,N51,2424</subfield>
<subfield code="2">dnb</subfield>
</datafield>
<datafield ind1="7" ind2=" " tag="016">
<subfield code="2">DE-101</subfield>
<subfield code="a">969405596</subfield>
</datafield>
<datafield ind1=" " ind2=" " tag="020">
<subfield code="a">9783412159030</subfield>
<subfield code="c">Gewebe : EUR 29.90</subfield>
<subfield code="9">978-3-412-15903-0</subfield>
</datafield>
<datafield ind1=" " ind2=" " tag="020">
<subfield code="a">3412159034</subfield>
<subfield code="c">Gewebe : EUR 29.90</subfield>
<subfield code="9">3-412-15903-4</subfield>
</datafield>
<datafield ind1="3" ind2=" " tag="024">
<subfield code="a">9783412159030</subfield>
</datafield>
<datafield ind1=" " ind2=" " tag="035">
<subfield code="a">(DE-599)DNB969405596</subfield>
</datafield>
<datafield ind1=" " ind2=" " tag="035">
<subfield code="a">(OCoLC)237897789</subfield>
</datafield>
<datafield ind1=" " ind2=" " tag="040">
<subfield code="a">1145</subfield>
<subfield code="b">ger</subfield>
<subfield code="c">DE-101</subfield>
<subfield code="d">9999</subfield>
</datafield>
<datafield ind1=" " ind2=" " tag="041">
<subfield code="a">ger</subfield>
</datafield>
<datafield ind1=" " ind2=" " tag="044">
<subfield code="c">XA-DE-NW</subfield>
</datafield>
<datafield ind1="7" ind2="4" tag="082">
<subfield code="a">943</subfield>
<subfield code="q">DE-101</subfield>
<subfield code="2">22sdnb</subfield>
</datafield>
<datafield ind1=" " ind2=" " tag="090">
<subfield code="a">b</subfield>
</datafield>
<datafield ind1="1" ind2=" " tag="100">
<subfield code="0">(DE-588)105265950</subfield>
<subfield code="0">https://d-nb.info/gnd/105265950</subfield>
<subfield code="0">(DE-101)105265950</subfield>
<subfield code="a">Bechstein, Eberhard</subfield>
<subfield code="d">1924-</subfield>
<subfield code="e">Verfasser</subfield>
<subfield code="4">aut</subfield>
<subfield code="2">gnd</subfield>
</datafield>
<datafield ind1="1" ind2="0" tag="245">
<subfield code="a">Die Tierberger Fehde zwischen den Grafen von Hohenlohe und den Herren von Stetten (1475 bis 1495)</subfield>
<subfield code="b">ein Streit zwischen Rittern, Grafen, Fürsten und dem Kaiser am Vorabend der Reichsreform</subfield>
<subfield code="c">von Eberhard Bechstein</subfield>
</datafield>
<datafield ind1=" " ind2="1" tag="264">
<subfield code="a">Köln</subfield>
<subfield code="a">Weimar</subfield>
<subfield code="a">Wien</subfield>
<subfield code="b">Böhlau</subfield>
<subfield code="c">2004</subfield>
</datafield>
<datafield ind1=" " ind2=" " tag="300">
<subfield code="a">262, [36] S.</subfield>
<subfield code="b">Ill., Kt.</subfield>
<subfield code="c">24 cm</subfield>
</datafield>
<datafield ind1=" " ind2=" " tag="336">
<subfield code="a">Text</subfield>
<subfield code="b">txt</subfield>
<subfield code="2">rdacontent</subfield>
</datafield>
<datafield ind1=" " ind2=" " tag="337">
<subfield code="a">ohne Hilfsmittel zu benutzen</subfield>
<subfield code="b">n</subfield>
<subfield code="2">rdamedia</subfield>
</datafield>
<datafield ind1=" " ind2=" " tag="338">
<subfield code="a">Band</subfield>
<subfield code="b">nc</subfield>
<subfield code="2">rdacarrier</subfield>
</datafield>
<datafield ind1=" " ind2=" " tag="500">
<subfield code="a">Literaturverz. S. 250 - 260</subfield>
</datafield>
<datafield ind1="3" ind2="7" tag="600">
<subfield code="0">(DE-588)118706284</subfield>
<subfield code="0">https://d-nb.info/gnd/118706284</subfield>
<subfield code="0">(DE-101)118706284</subfield>
<subfield code="a">Hohenlohe</subfield>
<subfield code="c">Familie</subfield>
<subfield code="9">rswk-swf</subfield>
<subfield code="2">gnd</subfield>
</datafield>
<datafield ind1="3" ind2="7" tag="600">
<subfield code="0">(DE-588)121401405</subfield>
<subfield code="0">https://d-nb.info/gnd/121401405</subfield>
<subfield code="0">(DE-101)121401405</subfield>
<subfield code="a">Stetten von</subfield>
<subfield code="c">Familie : 1050- : Hohenlohekreis</subfield>
<subfield code="9">rswk-swf</subfield>
<subfield code="2">gnd</subfield>
</datafield>
<datafield ind1=" " ind2="7" tag="648">
<subfield code="a">Geschichte 1475-1495</subfield>
<subfield code="9">rswk-swf</subfield>
<subfield code="2">gnd</subfield>
</datafield>
<datafield ind1=" " ind2="7" tag="650">
<subfield code="0">(DE-588)4153827-4</subfield>
<subfield code="0">https://d-nb.info/gnd/4153827-4</subfield>
<subfield code="0">(DE-101)041538277</subfield>
<subfield code="a">Fehde</subfield>
<subfield code="9">rswk-swf</subfield>
<subfield code="2">gnd</subfield>
</datafield>
<datafield ind1=" " ind2=" " tag="653">
<subfield code="a">(VLB-FS)Fehde</subfield>
</datafield>
<datafield ind1=" " ind2=" " tag="653">
<subfield code="a">(VLB-FS)Reichsreform</subfield>
</datafield>
<datafield ind1=" " ind2=" " tag="653">
<subfield code="a">(VLB-FS)Wormser Reichstag</subfield>
</datafield>
<datafield ind1=" " ind2=" " tag="653">
<subfield code="a">(VLB-FS)Frühe Neuzeit</subfield>
</datafield>
<datafield ind1=" " ind2=" " tag="653">
<subfield code="a">(VLB-PF)BB: Gebunden</subfield>
</datafield>
<datafield ind1=" " ind2=" " tag="653">
<subfield code="a">(VLB-WI)1: Hardcover, Softcover, Karte</subfield>
</datafield>
<datafield ind1=" " ind2=" " tag="653">
<subfield code="a">(VLB-WG)772: Recht / Allgemeines, Lexika</subfield>
</datafield>
<datafield ind1="0" ind2="0" tag="689">
<subfield code="0">(DE-588)118706284</subfield>
<subfield code="0">https://d-nb.info/gnd/118706284</subfield>
<subfield code="0">(DE-101)118706284</subfield>
<subfield code="D">p</subfield>
<subfield code="a">Hohenlohe</subfield>
<subfield code="c">Familie</subfield>
</datafield>
<datafield ind1="0" ind2="1" tag="689">
<subfield code="0">(DE-588)4153827-4</subfield>
<subfield code="0">https://d-nb.info/gnd/4153827-4</subfield>
<subfield code="0">(DE-101)041538277</subfield>
<subfield code="D">s</subfield>
<subfield code="a">Fehde</subfield>
</datafield>
<datafield ind1="0" ind2="2" tag="689">
<subfield code="0">(DE-588)121401405</subfield>
<subfield code="0">https://d-nb.info/gnd/121401405</subfield>
<subfield code="0">(DE-101)121401405</subfield>
<subfield code="D">p</subfield>
<subfield code="a">Stetten von</subfield>
<subfield code="c">Familie : 1050- : Hohenlohekreis</subfield>
</datafield>
<datafield ind1="0" ind2="3" tag="689">
<subfield code="A">z</subfield>
<subfield code="a">Geschichte 1475-1495</subfield>
</datafield>
<datafield ind1="0" ind2=" " tag="689">
<subfield code="5">DE-101</subfield>
<subfield code="5">DE-101</subfield>
</datafield>
<datafield ind1=" " ind2=" " tag="850">
<subfield code="a">DE-101a</subfield>
<subfield code="a">DE-101b</subfield>
</datafield>
<datafield ind1="4" ind2="2" tag="856">
<subfield code="m">V:DE-605</subfield>
<subfield code="q">application/pdf</subfield>
<subfield code="u">https://d-nb.info/969405596/04</subfield>
<subfield code="3">Inhaltsverzeichnis</subfield>
</datafield>
<datafield ind1="r" ind2=" " tag="925">
<subfield code="a">ra</subfield>
</datafield>
</record>