<record type="Bibliographic" xmlns="http://www.loc.gov/MARC21/slim">
<leader>00000nam a2200000 c 4500</leader>
<controlfield tag="001">971219435</controlfield>
<controlfield tag="003">DE-101</controlfield>
<controlfield tag="005">20171203161925.0</controlfield>
<controlfield tag="007">tu</controlfield>
<controlfield tag="008">040517s2004    gw ||||| |||| 00||||ger  </controlfield>
<datafield ind1=" " ind2=" " tag="015">
<subfield code="a">04,B37,0561</subfield>
<subfield code="2">dnb</subfield>
</datafield>
<datafield ind1="7" ind2=" " tag="016">
<subfield code="2">DE-101</subfield>
<subfield code="a">971219435</subfield>
</datafield>
<datafield ind1=" " ind2=" " tag="020">
<subfield code="a">9783936042016</subfield>
<subfield code="c">Pp.</subfield>
<subfield code="9">978-3-936042-01-6</subfield>
</datafield>
<datafield ind1=" " ind2=" " tag="020">
<subfield code="a">3936042012</subfield>
<subfield code="c">Pp.</subfield>
<subfield code="9">3-936042-01-2</subfield>
</datafield>
<datafield ind1=" " ind2=" " tag="035">
<subfield code="a">(DE-599)DNB971219435</subfield>
</datafield>
<datafield ind1=" " ind2=" " tag="035">
<subfield code="a">(OCoLC)249811696</subfield>
</datafield>
<datafield ind1=" " ind2=" " tag="040">
<subfield code="a">1230</subfield>
<subfield code="b">ger</subfield>
<subfield code="c">DE-101</subfield>
<subfield code="d">9999</subfield>
</datafield>
<datafield ind1=" " ind2=" " tag="041">
<subfield code="a">ger</subfield>
</datafield>
<datafield ind1=" " ind2=" " tag="044">
<subfield code="c">XA-DE</subfield>
</datafield>
<datafield ind1="7" ind2="4" tag="082">
<subfield code="a">943</subfield>
<subfield code="q">DE-101</subfield>
<subfield code="2">22sdnb</subfield>
</datafield>
<datafield ind1=" " ind2=" " tag="090">
<subfield code="a">b</subfield>
</datafield>
<datafield ind1="0" ind2="0" tag="245">
<subfield code="a">Vor 1000 Jahren - die Schweinfurter Fehde und die Landschaft am Obermain 1003</subfield>
<subfield code="b">Referate des wissenschaftlichen Kolloquiums am 4. und 5. Juli 2003 in der Bibliothek Otto Schäfer in Schweinfurt</subfield>
<subfield code="c">Städtische Sammlungen Schweinfurt ; Zentrum für Mittelalterstudien der Universität Bamberg. Hrsg. von Erich Schneider und Bernd Schneidmüller</subfield>
</datafield>
<datafield ind1=" " ind2="1" tag="264">
<subfield code="a">Schweinfurt</subfield>
<subfield code="b">Städtische Sammlungen</subfield>
<subfield code="c">2004</subfield>
</datafield>
<datafield ind1=" " ind2=" " tag="300">
<subfield code="a">253 S.</subfield>
<subfield code="b">Ill., graph. Darst., Kt.</subfield>
<subfield code="c">25 cm</subfield>
</datafield>
<datafield ind1=" " ind2=" " tag="336">
<subfield code="a">Text</subfield>
<subfield code="b">txt</subfield>
<subfield code="2">rdacontent</subfield>
</datafield>
<datafield ind1=" " ind2=" " tag="337">
<subfield code="a">ohne Hilfsmittel zu benutzen</subfield>
<subfield code="b">n</subfield>
<subfield code="2">rdamedia</subfield>
</datafield>
<datafield ind1=" " ind2=" " tag="338">
<subfield code="a">Band</subfield>
<subfield code="b">nc</subfield>
<subfield code="2">rdacarrier</subfield>
</datafield>
<datafield ind1="1" ind2=" " tag="490">
<subfield code="a">Schweinfurter Museumsschriften</subfield>
<subfield code="v">Bd. 118</subfield>
</datafield>
<datafield ind1=" " ind2=" " tag="500">
<subfield code="a">Literaturangaben</subfield>
</datafield>
<datafield ind1=" " ind2="7" tag="648">
<subfield code="a">Geschichte 900-1100</subfield>
<subfield code="9">rswk-swf</subfield>
<subfield code="2">gnd</subfield>
</datafield>
<datafield ind1=" " ind2="7" tag="648">
<subfield code="a">Geschichte 900-1100</subfield>
<subfield code="9">rswk-swf</subfield>
<subfield code="2">gnd</subfield>
</datafield>
<datafield ind1=" " ind2="7" tag="651">
<subfield code="0">(DE-588)4053863-1</subfield>
<subfield code="0">https://d-nb.info/gnd/4053863-1</subfield>
<subfield code="0">(DE-101)04053863X</subfield>
<subfield code="a">Schweinfurt</subfield>
<subfield code="9">rswk-swf</subfield>
<subfield code="2">gnd</subfield>
</datafield>
<datafield ind1=" " ind2="7" tag="651">
<subfield code="0">(DE-588)4101930-1</subfield>
<subfield code="0">https://d-nb.info/gnd/4101930-1</subfield>
<subfield code="0">(DE-101)04101930X</subfield>
<subfield code="a">Obermain-Gebiet</subfield>
<subfield code="9">rswk-swf</subfield>
<subfield code="2">gnd</subfield>
</datafield>
<datafield ind1=" " ind2="7" tag="655">
<subfield code="0">(DE-588)1071861417</subfield>
<subfield code="0">https://d-nb.info/gnd/1071861417</subfield>
<subfield code="0">(DE-101)1071861417</subfield>
<subfield code="a">Konferenzschrift</subfield>
<subfield code="y">2003</subfield>
<subfield code="z">Schweinfurt</subfield>
<subfield code="2">gnd-content</subfield>
</datafield>
<datafield ind1=" " ind2="7" tag="655">
<subfield code="a">Kongress</subfield>
<subfield code="z">Schweinfurt &lt;2003&gt;</subfield>
<subfield code="9">rswk-swf</subfield>
<subfield code="2">gnd</subfield>
</datafield>
<datafield ind1=" " ind2="7" tag="655">
<subfield code="a">Kongress</subfield>
<subfield code="z">Schweinfurt &lt;2003&gt;</subfield>
<subfield code="9">rswk-swf</subfield>
<subfield code="2">gnd</subfield>
</datafield>
<datafield ind1="0" ind2="0" tag="689">
<subfield code="0">(DE-588)4053863-1</subfield>
<subfield code="0">https://d-nb.info/gnd/4053863-1</subfield>
<subfield code="0">(DE-101)04053863X</subfield>
<subfield code="D">g</subfield>
<subfield code="a">Schweinfurt</subfield>
</datafield>
<datafield ind1="0" ind2="1" tag="689">
<subfield code="A">z</subfield>
<subfield code="a">Geschichte 900-1100</subfield>
</datafield>
<datafield ind1="0" ind2="2" tag="689">
<subfield code="A">f</subfield>
<subfield code="a">Kongress</subfield>
</datafield>
<datafield ind1="0" ind2="3" tag="689">
<subfield code="A">g</subfield>
<subfield code="a">Schweinfurt &lt;2003&gt;</subfield>
</datafield>
<datafield ind1="0" ind2=" " tag="689">
<subfield code="5">DE-101</subfield>
</datafield>
<datafield ind1="1" ind2="0" tag="689">
<subfield code="0">(DE-588)4101930-1</subfield>
<subfield code="0">https://d-nb.info/gnd/4101930-1</subfield>
<subfield code="0">(DE-101)04101930X</subfield>
<subfield code="D">g</subfield>
<subfield code="a">Obermain-Gebiet</subfield>
</datafield>
<datafield ind1="1" ind2="1" tag="689">
<subfield code="A">z</subfield>
<subfield code="a">Geschichte 900-1100</subfield>
</datafield>
<datafield ind1="1" ind2="2" tag="689">
<subfield code="A">f</subfield>
<subfield code="a">Kongress</subfield>
</datafield>
<datafield ind1="1" ind2="3" tag="689">
<subfield code="A">g</subfield>
<subfield code="a">Schweinfurt &lt;2003&gt;</subfield>
</datafield>
<datafield ind1="1" ind2=" " tag="689">
<subfield code="5">DE-101</subfield>
<subfield code="5">DE-101</subfield>
</datafield>
<datafield ind1="1" ind2=" " tag="700">
<subfield code="0">(DE-588)131393367</subfield>
<subfield code="0">https://d-nb.info/gnd/131393367</subfield>
<subfield code="0">(DE-101)131393367</subfield>
<subfield code="a">Schneider, Erich</subfield>
<subfield code="d">1954-</subfield>
<subfield code="e">Herausgeber</subfield>
<subfield code="4">edt</subfield>
<subfield code="2">gnd</subfield>
</datafield>
<datafield ind1="2" ind2=" " tag="810">
<subfield code="a">Städtische Sammlungen Schweinfurt</subfield>
<subfield code="4">aut</subfield>
<subfield code="t">Schweinfurter Museumsschriften</subfield>
<subfield code="v">Bd. 118</subfield>
<subfield code="w">(DE-101)016495810</subfield>
<subfield code="w">(DE-600)1120094-7</subfield>
<subfield code="9">3118</subfield>
<subfield code="7">as</subfield>
</datafield>
<datafield ind1=" " ind2=" " tag="850">
<subfield code="a">DE-101a</subfield>
<subfield code="a">DE-101b</subfield>
</datafield>
<datafield ind1="4" ind2="2" tag="856">
<subfield code="m">V:DE-576</subfield>
<subfield code="q">application/pdf</subfield>
<subfield code="u">https://d-nb.info/971219435/04</subfield>
<subfield code="3">Inhaltsverzeichnis</subfield>
</datafield>
<datafield ind1="r" ind2=" " tag="925">
<subfield code="a">rb</subfield>
</datafield>
</record>