<record type="Bibliographic" xmlns="http://www.loc.gov/MARC21/slim">
<leader>00000pam a2200000 c 4500</leader>
<controlfield tag="001">97019787X</controlfield>
<controlfield tag="003">DE-101</controlfield>
<controlfield tag="005">20171203155051.0</controlfield>
<controlfield tag="007">tu</controlfield>
<controlfield tag="008">040217s2004    gw ||||| m||| 00||||ger  </controlfield>
<datafield ind1=" " ind2=" " tag="015">
<subfield code="a">04,A22,1689</subfield>
<subfield code="z">04,N11,1085</subfield>
<subfield code="2">dnb</subfield>
</datafield>
<datafield ind1="7" ind2=" " tag="016">
<subfield code="2">DE-101</subfield>
<subfield code="a">97019787X</subfield>
</datafield>
<datafield ind1=" " ind2=" " tag="020">
<subfield code="a">9783631523964</subfield>
<subfield code="c">kart. : EUR 68.50</subfield>
<subfield code="9">978-3-631-52396-4</subfield>
</datafield>
<datafield ind1=" " ind2=" " tag="020">
<subfield code="a">3631523963</subfield>
<subfield code="c">kart. : EUR 68.50</subfield>
<subfield code="9">3-631-52396-3</subfield>
</datafield>
<datafield ind1="3" ind2=" " tag="024">
<subfield code="a">9783631523964</subfield>
</datafield>
<datafield ind1=" " ind2=" " tag="035">
<subfield code="a">(DE-599)DNB97019787X</subfield>
</datafield>
<datafield ind1=" " ind2=" " tag="035">
<subfield code="a">(OCoLC)723043832</subfield>
</datafield>
<datafield ind1=" " ind2=" " tag="040">
<subfield code="a">1245</subfield>
<subfield code="b">ger</subfield>
<subfield code="c">DE-101</subfield>
<subfield code="d">9999</subfield>
</datafield>
<datafield ind1=" " ind2=" " tag="041">
<subfield code="a">ger</subfield>
</datafield>
<datafield ind1=" " ind2=" " tag="044">
<subfield code="c">XA-DE-HE</subfield>
</datafield>
<datafield ind1="7" ind2="4" tag="082">
<subfield code="a">830</subfield>
<subfield code="a">070</subfield>
<subfield code="q">DE-101</subfield>
<subfield code="2">22sdnb</subfield>
</datafield>
<datafield ind1=" " ind2=" " tag="090">
<subfield code="a">b</subfield>
</datafield>
<datafield ind1="1" ind2=" " tag="100">
<subfield code="0">(DE-588)12888925X</subfield>
<subfield code="0">https://d-nb.info/gnd/12888925X</subfield>
<subfield code="0">(DE-101)12888925X</subfield>
<subfield code="a">Kall, Sylvia</subfield>
<subfield code="d">1972-</subfield>
<subfield code="e">Verfasser</subfield>
<subfield code="4">aut</subfield>
<subfield code="2">gnd</subfield>
</datafield>
<datafield ind1="1" ind2="0" tag="245">
<subfield code="a">"Wir leben jetzt recht in Zeiten der Fehde"</subfield>
<subfield code="b">Zeitschriften am Ende des 18. Jahrhunderts als Medien und Kristallisationspunkte literarischer Auseinandersetzung</subfield>
<subfield code="c">Sylvia Kall</subfield>
</datafield>
<datafield ind1=" " ind2="1" tag="264">
<subfield code="a">Frankfurt am Main</subfield>
<subfield code="a">Berlin</subfield>
<subfield code="a">Bern</subfield>
<subfield code="a">Bruxelles</subfield>
<subfield code="a">New York</subfield>
<subfield code="a">Oxford</subfield>
<subfield code="a">Wien</subfield>
<subfield code="b">Lang</subfield>
<subfield code="c">2004</subfield>
</datafield>
<datafield ind1=" " ind2=" " tag="300">
<subfield code="a">420 S.</subfield>
<subfield code="c">21 cm</subfield>
</datafield>
<datafield ind1=" " ind2=" " tag="336">
<subfield code="a">Text</subfield>
<subfield code="b">txt</subfield>
<subfield code="2">rdacontent</subfield>
</datafield>
<datafield ind1=" " ind2=" " tag="337">
<subfield code="a">ohne Hilfsmittel zu benutzen</subfield>
<subfield code="b">n</subfield>
<subfield code="2">rdamedia</subfield>
</datafield>
<datafield ind1=" " ind2=" " tag="338">
<subfield code="a">Band</subfield>
<subfield code="b">nc</subfield>
<subfield code="2">rdacarrier</subfield>
</datafield>
<datafield ind1="1" ind2=" " tag="490">
<subfield code="a">Bochumer Schriften zur deutschen Literatur</subfield>
<subfield code="v">Bd. 62</subfield>
</datafield>
<datafield ind1=" " ind2=" " tag="502">
<subfield code="a">Zugl.: Bochum, Univ., Diss., 2002</subfield>
</datafield>
<datafield ind1="0" ind2="7" tag="630">
<subfield code="0">(DE-588)4313529-8</subfield>
<subfield code="0">https://d-nb.info/gnd/4313529-8</subfield>
<subfield code="0">(DE-101)043135293</subfield>
<subfield code="a">Literarisches Zentralblatt für Deutschland</subfield>
<subfield code="9">rswk-swf</subfield>
<subfield code="2">gnd</subfield>
</datafield>
<datafield ind1="0" ind2="7" tag="630">
<subfield code="0">(DE-588)4231295-4</subfield>
<subfield code="0">https://d-nb.info/gnd/4231295-4</subfield>
<subfield code="0">(DE-101)042312957</subfield>
<subfield code="a">Die Horen</subfield>
<subfield code="g">Zeitschrift, Tübingen</subfield>
<subfield code="9">rswk-swf</subfield>
<subfield code="2">gnd</subfield>
</datafield>
<datafield ind1="0" ind2="7" tag="630">
<subfield code="0">(DE-588)4235019-0</subfield>
<subfield code="0">https://d-nb.info/gnd/4235019-0</subfield>
<subfield code="0">(DE-101)042350190</subfield>
<subfield code="a">Deutschland</subfield>
<subfield code="g">Zeitschrift, Berlin, 1796</subfield>
<subfield code="9">rswk-swf</subfield>
<subfield code="2">gnd</subfield>
</datafield>
<datafield ind1="0" ind2="7" tag="630">
<subfield code="0">(DE-588)4277869-4</subfield>
<subfield code="0">https://d-nb.info/gnd/4277869-4</subfield>
<subfield code="0">(DE-101)042778697</subfield>
<subfield code="a">Athenäum</subfield>
<subfield code="g">Zeitschrift, Berlin, 1798-1800</subfield>
<subfield code="9">rswk-swf</subfield>
<subfield code="2">gnd</subfield>
</datafield>
<datafield ind1=" " ind2="7" tag="648">
<subfield code="a">Geschichte 1785-1803</subfield>
<subfield code="9">rswk-swf</subfield>
<subfield code="2">gnd</subfield>
</datafield>
<datafield ind1=" " ind2="7" tag="648">
<subfield code="a">Geschichte 1795-1797</subfield>
<subfield code="9">rswk-swf</subfield>
<subfield code="2">gnd</subfield>
</datafield>
<datafield ind1=" " ind2="7" tag="648">
<subfield code="a">Geschichte 1796</subfield>
<subfield code="9">rswk-swf</subfield>
<subfield code="2">gnd</subfield>
</datafield>
<datafield ind1=" " ind2="7" tag="648">
<subfield code="a">Geschichte 1798-1800</subfield>
<subfield code="9">rswk-swf</subfield>
<subfield code="2">gnd</subfield>
</datafield>
<datafield ind1=" " ind2="7" tag="650">
<subfield code="0">(DE-588)4113292-0</subfield>
<subfield code="0">https://d-nb.info/gnd/4113292-0</subfield>
<subfield code="0">(DE-101)041132920</subfield>
<subfield code="a">Deutsch</subfield>
<subfield code="9">rswk-swf</subfield>
<subfield code="2">gnd</subfield>
</datafield>
<datafield ind1=" " ind2="7" tag="650">
<subfield code="0">(DE-588)4035964-5</subfield>
<subfield code="0">https://d-nb.info/gnd/4035964-5</subfield>
<subfield code="0">(DE-101)040359646</subfield>
<subfield code="a">Literatur</subfield>
<subfield code="9">rswk-swf</subfield>
<subfield code="2">gnd</subfield>
</datafield>
<datafield ind1=" " ind2="7" tag="650">
<subfield code="0">(DE-588)4049716-1</subfield>
<subfield code="0">https://d-nb.info/gnd/4049716-1</subfield>
<subfield code="0">(DE-101)04049716X</subfield>
<subfield code="a">Rezeption</subfield>
<subfield code="9">rswk-swf</subfield>
<subfield code="2">gnd</subfield>
</datafield>
<datafield ind1=" " ind2="7" tag="650">
<subfield code="0">(DE-588)4036020-9</subfield>
<subfield code="0">https://d-nb.info/gnd/4036020-9</subfield>
<subfield code="0">(DE-101)040360202</subfield>
<subfield code="a">Literaturkritik</subfield>
<subfield code="9">rswk-swf</subfield>
<subfield code="2">gnd</subfield>
</datafield>
<datafield ind1=" " ind2="7" tag="650">
<subfield code="0">(DE-588)4113292-0</subfield>
<subfield code="0">https://d-nb.info/gnd/4113292-0</subfield>
<subfield code="0">(DE-101)041132920</subfield>
<subfield code="a">Deutsch</subfield>
<subfield code="9">rswk-swf</subfield>
<subfield code="2">gnd</subfield>
</datafield>
<datafield ind1=" " ind2="7" tag="650">
<subfield code="0">(DE-588)4035964-5</subfield>
<subfield code="0">https://d-nb.info/gnd/4035964-5</subfield>
<subfield code="0">(DE-101)040359646</subfield>
<subfield code="a">Literatur</subfield>
<subfield code="9">rswk-swf</subfield>
<subfield code="2">gnd</subfield>
</datafield>
<datafield ind1=" " ind2="7" tag="650">
<subfield code="0">(DE-588)4049716-1</subfield>
<subfield code="0">https://d-nb.info/gnd/4049716-1</subfield>
<subfield code="0">(DE-101)04049716X</subfield>
<subfield code="a">Rezeption</subfield>
<subfield code="9">rswk-swf</subfield>
<subfield code="2">gnd</subfield>
</datafield>
<datafield ind1=" " ind2="7" tag="650">
<subfield code="0">(DE-588)4036020-9</subfield>
<subfield code="0">https://d-nb.info/gnd/4036020-9</subfield>
<subfield code="0">(DE-101)040360202</subfield>
<subfield code="a">Literaturkritik</subfield>
<subfield code="9">rswk-swf</subfield>
<subfield code="2">gnd</subfield>
</datafield>
<datafield ind1=" " ind2="7" tag="650">
<subfield code="0">(DE-588)4113292-0</subfield>
<subfield code="0">https://d-nb.info/gnd/4113292-0</subfield>
<subfield code="0">(DE-101)041132920</subfield>
<subfield code="a">Deutsch</subfield>
<subfield code="9">rswk-swf</subfield>
<subfield code="2">gnd</subfield>
</datafield>
<datafield ind1=" " ind2="7" tag="650">
<subfield code="0">(DE-588)4035964-5</subfield>
<subfield code="0">https://d-nb.info/gnd/4035964-5</subfield>
<subfield code="0">(DE-101)040359646</subfield>
<subfield code="a">Literatur</subfield>
<subfield code="9">rswk-swf</subfield>
<subfield code="2">gnd</subfield>
</datafield>
<datafield ind1=" " ind2="7" tag="650">
<subfield code="0">(DE-588)4049716-1</subfield>
<subfield code="0">https://d-nb.info/gnd/4049716-1</subfield>
<subfield code="0">(DE-101)04049716X</subfield>
<subfield code="a">Rezeption</subfield>
<subfield code="9">rswk-swf</subfield>
<subfield code="2">gnd</subfield>
</datafield>
<datafield ind1=" " ind2="7" tag="650">
<subfield code="0">(DE-588)4036020-9</subfield>
<subfield code="0">https://d-nb.info/gnd/4036020-9</subfield>
<subfield code="0">(DE-101)040360202</subfield>
<subfield code="a">Literaturkritik</subfield>
<subfield code="9">rswk-swf</subfield>
<subfield code="2">gnd</subfield>
</datafield>
<datafield ind1=" " ind2="7" tag="650">
<subfield code="0">(DE-588)4113292-0</subfield>
<subfield code="0">https://d-nb.info/gnd/4113292-0</subfield>
<subfield code="0">(DE-101)041132920</subfield>
<subfield code="a">Deutsch</subfield>
<subfield code="9">rswk-swf</subfield>
<subfield code="2">gnd</subfield>
</datafield>
<datafield ind1=" " ind2="7" tag="650">
<subfield code="0">(DE-588)4035964-5</subfield>
<subfield code="0">https://d-nb.info/gnd/4035964-5</subfield>
<subfield code="0">(DE-101)040359646</subfield>
<subfield code="a">Literatur</subfield>
<subfield code="9">rswk-swf</subfield>
<subfield code="2">gnd</subfield>
</datafield>
<datafield ind1=" " ind2="7" tag="650">
<subfield code="0">(DE-588)4049716-1</subfield>
<subfield code="0">https://d-nb.info/gnd/4049716-1</subfield>
<subfield code="0">(DE-101)04049716X</subfield>
<subfield code="a">Rezeption</subfield>
<subfield code="9">rswk-swf</subfield>
<subfield code="2">gnd</subfield>
</datafield>
<datafield ind1=" " ind2="7" tag="650">
<subfield code="0">(DE-588)4036020-9</subfield>
<subfield code="0">https://d-nb.info/gnd/4036020-9</subfield>
<subfield code="0">(DE-101)040360202</subfield>
<subfield code="a">Literaturkritik</subfield>
<subfield code="9">rswk-swf</subfield>
<subfield code="2">gnd</subfield>
</datafield>
<datafield ind1=" " ind2=" " tag="653">
<subfield code="a">(VLB-FS)Schiller, Friedrich</subfield>
</datafield>
<datafield ind1=" " ind2=" " tag="653">
<subfield code="a">(VLB-FS)Reichardt, J.F.</subfield>
</datafield>
<datafield ind1=" " ind2=" " tag="653">
<subfield code="a">(VLB-FS)Schlegel, A.W.</subfield>
</datafield>
<datafield ind1=" " ind2=" " tag="653">
<subfield code="a">(VLB-FS)Schlegel, F.</subfield>
</datafield>
<datafield ind1=" " ind2=" " tag="653">
<subfield code="a">(VLB-FS)Literarisches Leben im 18. Jahrhundert</subfield>
</datafield>
<datafield ind1=" " ind2=" " tag="653">
<subfield code="a">(VLB-FS)Allgemeine Literatur-Zeitung</subfield>
</datafield>
<datafield ind1=" " ind2=" " tag="653">
<subfield code="a">(VLB-FS)Die Horen</subfield>
</datafield>
<datafield ind1=" " ind2=" " tag="653">
<subfield code="a">(VLB-PF)BC: Paperback</subfield>
</datafield>
<datafield ind1=" " ind2=" " tag="653">
<subfield code="a">(VLB-WI)1: Hardcover, Softcover, Karte</subfield>
</datafield>
<datafield ind1=" " ind2=" " tag="653">
<subfield code="a">(VLB-WG)573: Literaturwissenschaft / Deutsche Literaturwissenschaft</subfield>
</datafield>
<datafield ind1=" " ind2="7" tag="655">
<subfield code="0">(DE-588)4113937-9</subfield>
<subfield code="0">https://d-nb.info/gnd/4113937-9</subfield>
<subfield code="0">(DE-101)041139372</subfield>
<subfield code="a">Hochschulschrift</subfield>
<subfield code="2">gnd-content</subfield>
</datafield>
<datafield ind1="0" ind2="0" tag="689">
<subfield code="0">(DE-588)4113292-0</subfield>
<subfield code="0">https://d-nb.info/gnd/4113292-0</subfield>
<subfield code="0">(DE-101)041132920</subfield>
<subfield code="D">s</subfield>
<subfield code="a">Deutsch</subfield>
</datafield>
<datafield ind1="0" ind2="1" tag="689">
<subfield code="0">(DE-588)4035964-5</subfield>
<subfield code="0">https://d-nb.info/gnd/4035964-5</subfield>
<subfield code="0">(DE-101)040359646</subfield>
<subfield code="D">s</subfield>
<subfield code="a">Literatur</subfield>
</datafield>
<datafield ind1="0" ind2="2" tag="689">
<subfield code="0">(DE-588)4049716-1</subfield>
<subfield code="0">https://d-nb.info/gnd/4049716-1</subfield>
<subfield code="0">(DE-101)04049716X</subfield>
<subfield code="D">s</subfield>
<subfield code="a">Rezeption</subfield>
</datafield>
<datafield ind1="0" ind2="3" tag="689">
<subfield code="0">(DE-588)4036020-9</subfield>
<subfield code="0">https://d-nb.info/gnd/4036020-9</subfield>
<subfield code="0">(DE-101)040360202</subfield>
<subfield code="D">s</subfield>
<subfield code="a">Literaturkritik</subfield>
</datafield>
<datafield ind1="0" ind2="4" tag="689">
<subfield code="0">(DE-588)4313529-8</subfield>
<subfield code="0">https://d-nb.info/gnd/4313529-8</subfield>
<subfield code="0">(DE-101)043135293</subfield>
<subfield code="D">u</subfield>
<subfield code="a">Literarisches Zentralblatt für Deutschland</subfield>
</datafield>
<datafield ind1="0" ind2="5" tag="689">
<subfield code="A">z</subfield>
<subfield code="a">Geschichte 1785-1803</subfield>
</datafield>
<datafield ind1="0" ind2=" " tag="689">
<subfield code="5">DE-101</subfield>
<subfield code="5">DE-101</subfield>
</datafield>
<datafield ind1="1" ind2="0" tag="689">
<subfield code="0">(DE-588)4113292-0</subfield>
<subfield code="0">https://d-nb.info/gnd/4113292-0</subfield>
<subfield code="0">(DE-101)041132920</subfield>
<subfield code="D">s</subfield>
<subfield code="a">Deutsch</subfield>
</datafield>
<datafield ind1="1" ind2="1" tag="689">
<subfield code="0">(DE-588)4035964-5</subfield>
<subfield code="0">https://d-nb.info/gnd/4035964-5</subfield>
<subfield code="0">(DE-101)040359646</subfield>
<subfield code="D">s</subfield>
<subfield code="a">Literatur</subfield>
</datafield>
<datafield ind1="1" ind2="2" tag="689">
<subfield code="0">(DE-588)4049716-1</subfield>
<subfield code="0">https://d-nb.info/gnd/4049716-1</subfield>
<subfield code="0">(DE-101)04049716X</subfield>
<subfield code="D">s</subfield>
<subfield code="a">Rezeption</subfield>
</datafield>
<datafield ind1="1" ind2="3" tag="689">
<subfield code="0">(DE-588)4036020-9</subfield>
<subfield code="0">https://d-nb.info/gnd/4036020-9</subfield>
<subfield code="0">(DE-101)040360202</subfield>
<subfield code="D">s</subfield>
<subfield code="a">Literaturkritik</subfield>
</datafield>
<datafield ind1="1" ind2="4" tag="689">
<subfield code="0">(DE-588)4231295-4</subfield>
<subfield code="0">https://d-nb.info/gnd/4231295-4</subfield>
<subfield code="0">(DE-101)042312957</subfield>
<subfield code="D">u</subfield>
<subfield code="a">Die Horen</subfield>
<subfield code="g">Zeitschrift, Tübingen</subfield>
</datafield>
<datafield ind1="1" ind2="5" tag="689">
<subfield code="A">z</subfield>
<subfield code="a">Geschichte 1795-1797</subfield>
</datafield>
<datafield ind1="1" ind2=" " tag="689">
<subfield code="5">DE-101</subfield>
<subfield code="5">DE-101</subfield>
</datafield>
<datafield ind1="2" ind2="0" tag="689">
<subfield code="0">(DE-588)4113292-0</subfield>
<subfield code="0">https://d-nb.info/gnd/4113292-0</subfield>
<subfield code="0">(DE-101)041132920</subfield>
<subfield code="D">s</subfield>
<subfield code="a">Deutsch</subfield>
</datafield>
<datafield ind1="2" ind2="1" tag="689">
<subfield code="0">(DE-588)4035964-5</subfield>
<subfield code="0">https://d-nb.info/gnd/4035964-5</subfield>
<subfield code="0">(DE-101)040359646</subfield>
<subfield code="D">s</subfield>
<subfield code="a">Literatur</subfield>
</datafield>
<datafield ind1="2" ind2="2" tag="689">
<subfield code="0">(DE-588)4049716-1</subfield>
<subfield code="0">https://d-nb.info/gnd/4049716-1</subfield>
<subfield code="0">(DE-101)04049716X</subfield>
<subfield code="D">s</subfield>
<subfield code="a">Rezeption</subfield>
</datafield>
<datafield ind1="2" ind2="3" tag="689">
<subfield code="0">(DE-588)4036020-9</subfield>
<subfield code="0">https://d-nb.info/gnd/4036020-9</subfield>
<subfield code="0">(DE-101)040360202</subfield>
<subfield code="D">s</subfield>
<subfield code="a">Literaturkritik</subfield>
</datafield>
<datafield ind1="2" ind2="4" tag="689">
<subfield code="0">(DE-588)4235019-0</subfield>
<subfield code="0">https://d-nb.info/gnd/4235019-0</subfield>
<subfield code="0">(DE-101)042350190</subfield>
<subfield code="D">u</subfield>
<subfield code="a">Deutschland</subfield>
<subfield code="g">Zeitschrift, Berlin, 1796</subfield>
</datafield>
<datafield ind1="2" ind2="5" tag="689">
<subfield code="A">z</subfield>
<subfield code="a">Geschichte 1796</subfield>
</datafield>
<datafield ind1="2" ind2=" " tag="689">
<subfield code="5">DE-101</subfield>
<subfield code="5">DE-101</subfield>
</datafield>
<datafield ind1="3" ind2="0" tag="689">
<subfield code="0">(DE-588)4113292-0</subfield>
<subfield code="0">https://d-nb.info/gnd/4113292-0</subfield>
<subfield code="0">(DE-101)041132920</subfield>
<subfield code="D">s</subfield>
<subfield code="a">Deutsch</subfield>
</datafield>
<datafield ind1="3" ind2="1" tag="689">
<subfield code="0">(DE-588)4035964-5</subfield>
<subfield code="0">https://d-nb.info/gnd/4035964-5</subfield>
<subfield code="0">(DE-101)040359646</subfield>
<subfield code="D">s</subfield>
<subfield code="a">Literatur</subfield>
</datafield>
<datafield ind1="3" ind2="2" tag="689">
<subfield code="0">(DE-588)4049716-1</subfield>
<subfield code="0">https://d-nb.info/gnd/4049716-1</subfield>
<subfield code="0">(DE-101)04049716X</subfield>
<subfield code="D">s</subfield>
<subfield code="a">Rezeption</subfield>
</datafield>
<datafield ind1="3" ind2="3" tag="689">
<subfield code="0">(DE-588)4036020-9</subfield>
<subfield code="0">https://d-nb.info/gnd/4036020-9</subfield>
<subfield code="0">(DE-101)040360202</subfield>
<subfield code="D">s</subfield>
<subfield code="a">Literaturkritik</subfield>
</datafield>
<datafield ind1="3" ind2="4" tag="689">
<subfield code="0">(DE-588)4277869-4</subfield>
<subfield code="0">https://d-nb.info/gnd/4277869-4</subfield>
<subfield code="0">(DE-101)042778697</subfield>
<subfield code="D">u</subfield>
<subfield code="a">Athenäum</subfield>
<subfield code="g">Zeitschrift, Berlin, 1798-1800</subfield>
</datafield>
<datafield ind1="3" ind2="5" tag="689">
<subfield code="A">z</subfield>
<subfield code="a">Geschichte 1798-1800</subfield>
</datafield>
<datafield ind1="3" ind2=" " tag="689">
<subfield code="5">DE-101</subfield>
<subfield code="5">DE-101</subfield>
</datafield>
<datafield ind1=" " ind2="0" tag="830">
<subfield code="a">Bochumer Schriften zur deutschen Literatur</subfield>
<subfield code="v">Bd. 62</subfield>
<subfield code="w">(DE-101)015992055</subfield>
<subfield code="w">(DE-600)1067919-4</subfield>
<subfield code="9">262</subfield>
<subfield code="7">as</subfield>
</datafield>
<datafield ind1=" " ind2=" " tag="850">
<subfield code="a">DE-101a</subfield>
<subfield code="a">DE-101b</subfield>
</datafield>
<datafield ind1="r" ind2=" " tag="925">
<subfield code="a">ra</subfield>
</datafield>
</record>