<record type="Bibliographic" xmlns="http://www.loc.gov/MARC21/slim">
<leader>00000pam a2200000 c 4500</leader>
<controlfield tag="001">968941966</controlfield>
<controlfield tag="003">DE-101</controlfield>
<controlfield tag="005">20171203151226.0</controlfield>
<controlfield tag="007">tu</controlfield>
<controlfield tag="008">031009s2004    gw ||||| |||| 00||||ger  </controlfield>
<datafield ind1=" " ind2=" " tag="015">
<subfield code="a">06,A16,2376</subfield>
<subfield code="z">03,N45,1320</subfield>
<subfield code="2">dnb</subfield>
</datafield>
<datafield ind1="7" ind2=" " tag="016">
<subfield code="2">DE-101</subfield>
<subfield code="a">968941966</subfield>
</datafield>
<datafield ind1=" " ind2=" " tag="020">
<subfield code="a">9783902324627</subfield>
<subfield code="c">kart. : EUR 20.00</subfield>
<subfield code="9">978-3-902324-62-7</subfield>
</datafield>
<datafield ind1=" " ind2=" " tag="020">
<subfield code="a">3902324627</subfield>
<subfield code="c">kart. : EUR 20.00</subfield>
<subfield code="9">3-902324-62-7</subfield>
</datafield>
<datafield ind1="3" ind2=" " tag="024">
<subfield code="a">9783902324627</subfield>
</datafield>
<datafield ind1=" " ind2=" " tag="035">
<subfield code="a">(DE-599)DNB968941966</subfield>
</datafield>
<datafield ind1=" " ind2=" " tag="035">
<subfield code="a">(OCoLC)181435261</subfield>
</datafield>
<datafield ind1=" " ind2=" " tag="040">
<subfield code="a">1140</subfield>
<subfield code="b">ger</subfield>
<subfield code="c">DE-101</subfield>
<subfield code="d">9999</subfield>
</datafield>
<datafield ind1=" " ind2=" " tag="041">
<subfield code="a">ger</subfield>
</datafield>
<datafield ind1=" " ind2=" " tag="044">
<subfield code="c">XA-DE</subfield>
</datafield>
<datafield ind1="7" ind2="4" tag="082">
<subfield code="a">940</subfield>
<subfield code="q">DE-101</subfield>
<subfield code="2">22sdnb</subfield>
</datafield>
<datafield ind1=" " ind2=" " tag="090">
<subfield code="a">b</subfield>
</datafield>
<datafield ind1="1" ind2=" " tag="100">
<subfield code="0">(DE-588)130865788</subfield>
<subfield code="0">https://d-nb.info/gnd/130865788</subfield>
<subfield code="0">(DE-101)130865788</subfield>
<subfield code="a">Windisch, Helmut</subfield>
<subfield code="d">1957</subfield>
<subfield code="e">Verfasser</subfield>
<subfield code="4">aut</subfield>
<subfield code="2">gnd</subfield>
</datafield>
<datafield ind1="1" ind2="0" tag="245">
<subfield code="a">Zur Bedeutung und Errichtung von "Castrum Olber"</subfield>
<subfield code="b">ein Beitrag über die Kampfhandlungen der "Güssinger Fehde" 1289 ; phänomenologische Analyse traditioneller Überlieferung und Sage</subfield>
<subfield code="c">[Helmut Windisch]</subfield>
</datafield>
<datafield ind1=" " ind2="1" tag="264">
<subfield code="a">Horitschon</subfield>
<subfield code="a">Wien</subfield>
<subfield code="a">München</subfield>
<subfield code="b">Novum-Verl.</subfield>
<subfield code="c">2004</subfield>
</datafield>
<datafield ind1=" " ind2=" " tag="300">
<subfield code="a">88 S.</subfield>
<subfield code="b">Ill., Kt.</subfield>
<subfield code="c">22 cm</subfield>
</datafield>
<datafield ind1=" " ind2=" " tag="336">
<subfield code="a">Text</subfield>
<subfield code="b">txt</subfield>
<subfield code="2">rdacontent</subfield>
</datafield>
<datafield ind1=" " ind2=" " tag="337">
<subfield code="a">ohne Hilfsmittel zu benutzen</subfield>
<subfield code="b">n</subfield>
<subfield code="2">rdamedia</subfield>
</datafield>
<datafield ind1=" " ind2=" " tag="338">
<subfield code="a">Band</subfield>
<subfield code="b">nc</subfield>
<subfield code="2">rdacarrier</subfield>
</datafield>
<datafield ind1=" " ind2="7" tag="648">
<subfield code="a">Geschichte 1289</subfield>
<subfield code="9">rswk-swf</subfield>
<subfield code="2">gnd</subfield>
</datafield>
<datafield ind1=" " ind2="7" tag="651">
<subfield code="0">(DE-588)4821910-1</subfield>
<subfield code="0">https://d-nb.info/gnd/4821910-1</subfield>
<subfield code="0">(DE-101)974266523</subfield>
<subfield code="a">Herrschaft Güssing</subfield>
<subfield code="9">rswk-swf</subfield>
<subfield code="2">gnd</subfield>
</datafield>
<datafield ind1=" " ind2=" " tag="653">
<subfield code="a">(VLB-PF)BC: Paperback</subfield>
</datafield>
<datafield ind1=" " ind2=" " tag="653">
<subfield code="a">(VLB-WI)1: Hardcover, Softcover, Karte</subfield>
</datafield>
<datafield ind1=" " ind2=" " tag="653">
<subfield code="a">(VLB-WG)555: Geschichte / Mittelalter</subfield>
</datafield>
<datafield ind1="0" ind2="0" tag="689">
<subfield code="0">(DE-588)4821910-1</subfield>
<subfield code="0">https://d-nb.info/gnd/4821910-1</subfield>
<subfield code="0">(DE-101)974266523</subfield>
<subfield code="D">g</subfield>
<subfield code="a">Herrschaft Güssing</subfield>
</datafield>
<datafield ind1="0" ind2="1" tag="689">
<subfield code="A">z</subfield>
<subfield code="a">Geschichte 1289</subfield>
</datafield>
<datafield ind1="0" ind2=" " tag="689">
<subfield code="5">DE-101</subfield>
<subfield code="5">DE-101</subfield>
</datafield>
<datafield ind1=" " ind2=" " tag="850">
<subfield code="a">DE-101a</subfield>
<subfield code="a">DE-101b</subfield>
</datafield>
<datafield ind1="r" ind2=" " tag="925">
<subfield code="a">ra</subfield>
</datafield>
</record>