<record type="Bibliographic" xmlns="http://www.loc.gov/MARC21/slim">
<leader>00000nam a2200000 c 4500</leader>
<controlfield tag="001">977680371</controlfield>
<controlfield tag="003">DE-101</controlfield>
<controlfield tag="005">20171201223505.0</controlfield>
<controlfield tag="007">tu</controlfield>
<controlfield tag="008">051209s2003    gw ||||| |||| 00||||ger  </controlfield>
<datafield ind1=" " ind2=" " tag="015">
<subfield code="a">06,A04,2041</subfield>
<subfield code="2">dnb</subfield>
</datafield>
<datafield ind1="7" ind2=" " tag="016">
<subfield code="2">DE-101</subfield>
<subfield code="a">977680371</subfield>
</datafield>
<datafield ind1=" " ind2=" " tag="020">
<subfield code="a">9783879022168</subfield>
<subfield code="c">kart. : EUR 15.00</subfield>
<subfield code="9">978-3-87902-216-8</subfield>
</datafield>
<datafield ind1=" " ind2=" " tag="020">
<subfield code="a">387902216X</subfield>
<subfield code="c">kart. : EUR 15.00</subfield>
<subfield code="9">3-87902-216-X</subfield>
</datafield>
<datafield ind1=" " ind2=" " tag="035">
<subfield code="a">(DE-599)DNB977680371</subfield>
</datafield>
<datafield ind1=" " ind2=" " tag="035">
<subfield code="a">(OCoLC)181521457</subfield>
</datafield>
<datafield ind1=" " ind2=" " tag="040">
<subfield code="a">1130</subfield>
<subfield code="b">ger</subfield>
<subfield code="c">DE-101</subfield>
<subfield code="d">9999</subfield>
</datafield>
<datafield ind1=" " ind2=" " tag="041">
<subfield code="a">ger</subfield>
</datafield>
<datafield ind1=" " ind2=" " tag="044">
<subfield code="c">XA-DE</subfield>
</datafield>
<datafield ind1="7" ind2="4" tag="082">
<subfield code="a">943</subfield>
<subfield code="q">DE-101</subfield>
<subfield code="2">22sdnb</subfield>
</datafield>
<datafield ind1=" " ind2=" " tag="090">
<subfield code="a">b</subfield>
</datafield>
<datafield ind1="1" ind2=" " tag="100">
<subfield code="0">(DE-588)118013939</subfield>
<subfield code="0">https://d-nb.info/gnd/118013939</subfield>
<subfield code="0">(DE-101)118013939</subfield>
<subfield code="a">Heimann, Heinz-Dieter</subfield>
<subfield code="d">1949-</subfield>
<subfield code="e">Verfasser</subfield>
<subfield code="4">aut</subfield>
<subfield code="2">gnd</subfield>
</datafield>
<datafield ind1="1" ind2="0" tag="245">
<subfield code="a">Die Soester Fehde</subfield>
<subfield code="b">Geschichte einer erstrittenen Stadtfreiheit</subfield>
<subfield code="c">Heinz-Dieter Heimann</subfield>
</datafield>
<datafield ind1=" " ind2="1" tag="264">
<subfield code="a">Soest</subfield>
<subfield code="b">Westfälische Verl.-Buchh. Mocker und Jahn</subfield>
<subfield code="c">c 2003</subfield>
</datafield>
<datafield ind1=" " ind2=" " tag="300">
<subfield code="a">127 S.</subfield>
<subfield code="b">Ill.</subfield>
<subfield code="c">21 cm</subfield>
</datafield>
<datafield ind1=" " ind2=" " tag="336">
<subfield code="a">Text</subfield>
<subfield code="b">txt</subfield>
<subfield code="2">rdacontent</subfield>
</datafield>
<datafield ind1=" " ind2=" " tag="337">
<subfield code="a">ohne Hilfsmittel zu benutzen</subfield>
<subfield code="b">n</subfield>
<subfield code="2">rdamedia</subfield>
</datafield>
<datafield ind1=" " ind2=" " tag="338">
<subfield code="a">Band</subfield>
<subfield code="b">nc</subfield>
<subfield code="2">rdacarrier</subfield>
</datafield>
<datafield ind1=" " ind2="7" tag="648">
<subfield code="a">Geschichte</subfield>
<subfield code="9">rswk-swf</subfield>
<subfield code="2">gnd</subfield>
</datafield>
<datafield ind1=" " ind2="7" tag="650">
<subfield code="0">(DE-588)4181724-2</subfield>
<subfield code="0">https://d-nb.info/gnd/4181724-2</subfield>
<subfield code="0">(DE-101)041817249</subfield>
<subfield code="a">Soester Fehde</subfield>
<subfield code="9">rswk-swf</subfield>
<subfield code="2">gnd</subfield>
</datafield>
<datafield ind1="0" ind2="0" tag="689">
<subfield code="0">(DE-588)4181724-2</subfield>
<subfield code="0">https://d-nb.info/gnd/4181724-2</subfield>
<subfield code="0">(DE-101)041817249</subfield>
<subfield code="D">s</subfield>
<subfield code="a">Soester Fehde</subfield>
</datafield>
<datafield ind1="0" ind2="1" tag="689">
<subfield code="A">z</subfield>
<subfield code="a">Geschichte</subfield>
</datafield>
<datafield ind1="0" ind2=" " tag="689">
<subfield code="5">DE-101</subfield>
<subfield code="5">DE-101</subfield>
</datafield>
<datafield ind1=" " ind2=" " tag="850">
<subfield code="a">DE-101a</subfield>
<subfield code="a">DE-101b</subfield>
</datafield>
<datafield ind1="r" ind2=" " tag="925">
<subfield code="a">ra</subfield>
</datafield>
</record>