<record type="Bibliographic" xmlns="http://www.loc.gov/MARC21/slim">
<leader>00000pam a2200000 c 4500</leader>
<controlfield tag="001">964740680</controlfield>
<controlfield tag="003">DE-101</controlfield>
<controlfield tag="005">20190122104747.0</controlfield>
<controlfield tag="007">tu</controlfield>
<controlfield tag="008">020701s2002    gw ||||| |||| 00||||ger  </controlfield>
<datafield ind1=" " ind2=" " tag="015">
<subfield code="a">03,A46,1913</subfield>
<subfield code="z">02,N30,0367</subfield>
<subfield code="2">dnb</subfield>
</datafield>
<datafield ind1="7" ind2=" " tag="016">
<subfield code="2">DE-101</subfield>
<subfield code="a">964740680</subfield>
</datafield>
<datafield ind1=" " ind2=" " tag="020">
<subfield code="a">9783935035354</subfield>
<subfield code="c">kart. : EUR 30.00</subfield>
<subfield code="9">978-3-935035-35-4</subfield>
</datafield>
<datafield ind1=" " ind2=" " tag="020">
<subfield code="a">3935035357</subfield>
<subfield code="c">kart. : EUR 30.00</subfield>
<subfield code="9">3-935035-35-7</subfield>
</datafield>
<datafield ind1="3" ind2=" " tag="024">
<subfield code="a">9783935035354</subfield>
</datafield>
<datafield ind1=" " ind2=" " tag="035">
<subfield code="a">(DE-599)DNB964740680</subfield>
</datafield>
<datafield ind1=" " ind2=" " tag="035">
<subfield code="a">(OCoLC)248568061</subfield>
</datafield>
<datafield ind1=" " ind2=" " tag="040">
<subfield code="a">1140</subfield>
<subfield code="b">ger</subfield>
<subfield code="c">DE-101</subfield>
<subfield code="d">9999</subfield>
</datafield>
<datafield ind1=" " ind2=" " tag="041">
<subfield code="a">ger</subfield>
</datafield>
<datafield ind1=" " ind2=" " tag="043">
<subfield code="c">XA-DE</subfield>
<subfield code="c">XA-DE-NW</subfield>
</datafield>
<datafield ind1=" " ind2=" " tag="044">
<subfield code="c">XA-DE</subfield>
</datafield>
<datafield ind1=" " ind2=" " tag="084">
<subfield code="a">63</subfield>
<subfield code="a">900</subfield>
<subfield code="a">920</subfield>
<subfield code="a">930</subfield>
<subfield code="a">940</subfield>
<subfield code="a">943</subfield>
<subfield code="a">950</subfield>
<subfield code="a">960</subfield>
<subfield code="a">970</subfield>
<subfield code="a">980</subfield>
<subfield code="a">990</subfield>
<subfield code="q">DE-101</subfield>
<subfield code="2">sdnb</subfield>
</datafield>
<datafield ind1=" " ind2=" " tag="084">
<subfield code="a">16.5</subfield>
<subfield code="q">DE-101</subfield>
<subfield code="2">sswd</subfield>
</datafield>
<datafield ind1=" " ind2=" " tag="090">
<subfield code="a">b</subfield>
</datafield>
<datafield ind1="0" ind2="0" tag="245">
<subfield code="a">Thüringische und böhmische Söldner in der Soester Fehde</subfield>
<subfield code="b">Quellen zum landesherrlichen Militärwesen im 15. Jahrhundert aus thüringischen und sächsischen Archiven</subfield>
<subfield code="c">Heinz-Dieter  Heimann/Uwe Tresp (Hrsg.)</subfield>
</datafield>
<datafield ind1=" " ind2=" " tag="250">
<subfield code="a">1. Aufl.</subfield>
</datafield>
<datafield ind1=" " ind2=" " tag="259">
<subfield code="a">11</subfield>
</datafield>
<datafield ind1=" " ind2="1" tag="264">
<subfield code="a">Potsdam</subfield>
<subfield code="b">Verl. für Berlin-Brandenburg</subfield>
<subfield code="c">2002</subfield>
</datafield>
<datafield ind1=" " ind2=" " tag="300">
<subfield code="a">255 S.</subfield>
<subfield code="c">23 cm</subfield>
</datafield>
<datafield ind1=" " ind2=" " tag="336">
<subfield code="a">Text</subfield>
<subfield code="b">txt</subfield>
<subfield code="2">rdacontent</subfield>
</datafield>
<datafield ind1=" " ind2=" " tag="337">
<subfield code="a">ohne Hilfsmittel zu benutzen</subfield>
<subfield code="b">n</subfield>
<subfield code="2">rdamedia</subfield>
</datafield>
<datafield ind1=" " ind2=" " tag="338">
<subfield code="a">Band</subfield>
<subfield code="b">nc</subfield>
<subfield code="2">rdacarrier</subfield>
</datafield>
<datafield ind1="0" ind2=" " tag="490">
<subfield code="a">Quellen und Studien zur Geschichte und Kultur Brandenburg-Preußens und des Alten Reiches</subfield>
</datafield>
<datafield ind1=" " ind2="7" tag="648">
<subfield code="a">Geschichte</subfield>
<subfield code="9">rswk-swf</subfield>
<subfield code="2">gnd</subfield>
</datafield>
<datafield ind1=" " ind2="7" tag="650">
<subfield code="0">(DE-588)4181724-2</subfield>
<subfield code="0">https://d-nb.info/gnd/4181724-2</subfield>
<subfield code="0">(DE-101)041817249</subfield>
<subfield code="a">Soester Fehde</subfield>
<subfield code="9">rswk-swf</subfield>
<subfield code="2">gnd</subfield>
</datafield>
<datafield ind1=" " ind2="7" tag="655">
<subfield code="0">(DE-588)4135952-5</subfield>
<subfield code="0">https://d-nb.info/gnd/4135952-5</subfield>
<subfield code="0">(DE-101)041359526</subfield>
<subfield code="a">Quelle</subfield>
<subfield code="2">gnd-content</subfield>
</datafield>
<datafield ind1=" " ind2="7" tag="655">
<subfield code="a">Quelle</subfield>
<subfield code="9">rswk-swf</subfield>
<subfield code="2">gnd</subfield>
</datafield>
<datafield ind1="0" ind2="0" tag="689">
<subfield code="0">(DE-588)4181724-2</subfield>
<subfield code="0">https://d-nb.info/gnd/4181724-2</subfield>
<subfield code="0">(DE-101)041817249</subfield>
<subfield code="D">s</subfield>
<subfield code="a">Soester Fehde</subfield>
</datafield>
<datafield ind1="0" ind2="1" tag="689">
<subfield code="A">z</subfield>
<subfield code="a">Geschichte</subfield>
</datafield>
<datafield ind1="0" ind2="2" tag="689">
<subfield code="A">f</subfield>
<subfield code="a">Quelle</subfield>
</datafield>
<datafield ind1="0" ind2=" " tag="689">
<subfield code="5">DE-101</subfield>
<subfield code="5">DE-101</subfield>
</datafield>
<datafield ind1="1" ind2=" " tag="700">
<subfield code="0">(DE-588)118013939</subfield>
<subfield code="0">https://d-nb.info/gnd/118013939</subfield>
<subfield code="0">(DE-101)118013939</subfield>
<subfield code="a">Heimann, Heinz-Dieter</subfield>
<subfield code="d">1949-</subfield>
<subfield code="e">Herausgeber</subfield>
<subfield code="4">edt</subfield>
<subfield code="2">gnd</subfield>
</datafield>
<datafield ind1=" " ind2=" " tag="850">
<subfield code="a">DE-101a</subfield>
<subfield code="a">DE-101b</subfield>
</datafield>
<datafield ind1="4" ind2="2" tag="856">
<subfield code="m">V:DE-604</subfield>
<subfield code="q">application/pdf</subfield>
<subfield code="u">https://d-nb.info/964740680/04</subfield>
<subfield code="3">Inhaltsverzeichnis</subfield>
</datafield>
<datafield ind1="r" ind2=" " tag="925">
<subfield code="a">ra</subfield>
</datafield>
</record>