<record type="Bibliographic" xmlns="http://www.loc.gov/MARC21/slim">
<leader>00000nam a2200000 c 4500</leader>
<controlfield tag="001">961832282</controlfield>
<controlfield tag="003">DE-101</controlfield>
<controlfield tag="005">20171203112204.0</controlfield>
<controlfield tag="007">tu</controlfield>
<controlfield tag="008">010619s2001    gw ||||| |||| 00||||ger  </controlfield>
<datafield ind1=" " ind2=" " tag="015">
<subfield code="a">01,A30,1319</subfield>
<subfield code="2">dnb</subfield>
</datafield>
<datafield ind1="7" ind2=" " tag="016">
<subfield code="2">DE-101</subfield>
<subfield code="a">961832282</subfield>
</datafield>
<datafield ind1=" " ind2=" " tag="020">
<subfield code="a">9783404452347</subfield>
<subfield code="c">kart. : DM 6.90, EUR 3.45, S 50.00</subfield>
<subfield code="9">978-3-404-45234-7</subfield>
</datafield>
<datafield ind1=" " ind2=" " tag="020">
<subfield code="a">3404452348</subfield>
<subfield code="c">kart. : DM 6.90, EUR 3.45, S 50.00</subfield>
<subfield code="9">3-404-45234-8</subfield>
</datafield>
<datafield ind1=" " ind2=" " tag="035">
<subfield code="a">(DE-599)DNB961832282</subfield>
</datafield>
<datafield ind1=" " ind2=" " tag="035">
<subfield code="a">(OCoLC)76233571</subfield>
</datafield>
<datafield ind1=" " ind2=" " tag="040">
<subfield code="a">1140</subfield>
<subfield code="b">ger</subfield>
<subfield code="c">DE-101</subfield>
<subfield code="d">9999</subfield>
</datafield>
<datafield ind1=" " ind2=" " tag="041">
<subfield code="a">ger</subfield>
</datafield>
<datafield ind1=" " ind2=" " tag="044">
<subfield code="c">XA-DE</subfield>
</datafield>
<datafield ind1=" " ind2=" " tag="084">
<subfield code="a">59</subfield>
<subfield code="a">810</subfield>
<subfield code="a">820</subfield>
<subfield code="a">830</subfield>
<subfield code="a">839</subfield>
<subfield code="a">840</subfield>
<subfield code="a">850</subfield>
<subfield code="a">860</subfield>
<subfield code="a">870</subfield>
<subfield code="a">880</subfield>
<subfield code="a">890</subfield>
<subfield code="a">B</subfield>
<subfield code="q">DE-101</subfield>
<subfield code="2">sdnb</subfield>
</datafield>
<datafield ind1="1" ind2=" " tag="100">
<subfield code="0">(DE-588)104694912</subfield>
<subfield code="0">https://d-nb.info/gnd/104694912</subfield>
<subfield code="0">(DE-101)104694912</subfield>
<subfield code="a">Unger, Gert F.</subfield>
<subfield code="d">1921-2005</subfield>
<subfield code="e">Verfasser</subfield>
<subfield code="4">aut</subfield>
<subfield code="2">gnd</subfield>
</datafield>
<datafield ind1="1" ind2="0" tag="245">
<subfield code="a">Arizona-Fehde</subfield>
<subfield code="b">Western-Roman</subfield>
<subfield code="c">G. F. Unger</subfield>
</datafield>
<datafield ind1=" " ind2=" " tag="250">
<subfield code="a">Orig.-Ausg., vollst. Taschenbuchausg., 1. Aufl.</subfield>
</datafield>
<datafield ind1=" " ind2=" " tag="259">
<subfield code="a">11</subfield>
</datafield>
<datafield ind1=" " ind2="1" tag="264">
<subfield code="a">Bergisch Gladbach</subfield>
<subfield code="b">Bastei Lübbe</subfield>
<subfield code="c">2001</subfield>
</datafield>
<datafield ind1=" " ind2=" " tag="300">
<subfield code="a">156 S.</subfield>
<subfield code="c">18 cm</subfield>
</datafield>
<datafield ind1=" " ind2=" " tag="336">
<subfield code="a">Text</subfield>
<subfield code="b">txt</subfield>
<subfield code="2">rdacontent</subfield>
</datafield>
<datafield ind1=" " ind2=" " tag="337">
<subfield code="a">ohne Hilfsmittel zu benutzen</subfield>
<subfield code="b">n</subfield>
<subfield code="2">rdamedia</subfield>
</datafield>
<datafield ind1=" " ind2=" " tag="338">
<subfield code="a">Band</subfield>
<subfield code="b">nc</subfield>
<subfield code="2">rdacarrier</subfield>
</datafield>
<datafield ind1="1" ind2=" " tag="490">
<subfield code="a">Bastei-Lübbe-Taschenbuch</subfield>
<subfield code="v">Bd. 45234 : Western : G. F. Unger - Neuer Roman</subfield>
</datafield>
<datafield ind1=" " ind2="0" tag="830">
<subfield code="a">Bastei-Lübbe-Taschenbuch</subfield>
<subfield code="v">Bd. 45234 : Western : G. F. Unger - Neuer Roman</subfield>
<subfield code="w">(DE-101)010434747</subfield>
<subfield code="w">(DE-600)49563-3</subfield>
<subfield code="9">545234</subfield>
<subfield code="7">as</subfield>
</datafield>
<datafield ind1=" " ind2=" " tag="850">
<subfield code="a">DE-101a</subfield>
<subfield code="a">DE-101b</subfield>
</datafield>
<datafield ind1="r" ind2=" " tag="925">
<subfield code="a">ra</subfield>
</datafield>
</record>