<record type="Bibliographic" xmlns="http://www.loc.gov/MARC21/slim">
<leader>00000nam a2200000 c 4500</leader>
<controlfield tag="001">95839105X</controlfield>
<controlfield tag="003">DE-101</controlfield>
<controlfield tag="005">20240710192151.0</controlfield>
<controlfield tag="007">tu</controlfield>
<controlfield tag="008">000201s1999    gw ||||| |||| 00||||ger  </controlfield>
<datafield ind1=" " ind2=" " tag="015">
<subfield code="a">00,B13,0695</subfield>
<subfield code="2">dnb</subfield>
</datafield>
<datafield ind1="7" ind2=" " tag="016">
<subfield code="2">DE-101</subfield>
<subfield code="a">95839105X</subfield>
</datafield>
<datafield ind1=" " ind2=" " tag="020">
<subfield code="a">9783925162190</subfield>
<subfield code="c">Pp. : DM 24.80</subfield>
<subfield code="9">978-3-925162-19-0</subfield>
</datafield>
<datafield ind1=" " ind2=" " tag="020">
<subfield code="a">3925162194</subfield>
<subfield code="c">Pp. : DM 24.80</subfield>
<subfield code="9">3-925162-19-4</subfield>
</datafield>
<datafield ind1=" " ind2=" " tag="035">
<subfield code="a">(DE-599)DNB95839105X</subfield>
</datafield>
<datafield ind1=" " ind2=" " tag="035">
<subfield code="a">(OCoLC)237360869</subfield>
</datafield>
<datafield ind1=" " ind2=" " tag="040">
<subfield code="a">1240</subfield>
<subfield code="b">ger</subfield>
<subfield code="c">DE-101</subfield>
<subfield code="d">0292</subfield>
</datafield>
<datafield ind1=" " ind2=" " tag="041">
<subfield code="a">ger</subfield>
</datafield>
<datafield ind1=" " ind2=" " tag="043">
<subfield code="c">XA-DE</subfield>
</datafield>
<datafield ind1=" " ind2=" " tag="044">
<subfield code="c">XA-DE</subfield>
</datafield>
<datafield ind1=" " ind2=" " tag="084">
<subfield code="a">63</subfield>
<subfield code="a">900</subfield>
<subfield code="a">920</subfield>
<subfield code="a">930</subfield>
<subfield code="a">940</subfield>
<subfield code="a">943</subfield>
<subfield code="a">950</subfield>
<subfield code="a">960</subfield>
<subfield code="a">970</subfield>
<subfield code="a">980</subfield>
<subfield code="a">990</subfield>
<subfield code="q">DE-101</subfield>
<subfield code="2">sdnb</subfield>
</datafield>
<datafield ind1=" " ind2=" " tag="084">
<subfield code="a">8.4</subfield>
<subfield code="a">7.1b</subfield>
<subfield code="a">16.5</subfield>
<subfield code="a">16.5p</subfield>
<subfield code="q">DE-101</subfield>
<subfield code="2">sswd</subfield>
</datafield>
<datafield ind1=" " ind2=" " tag="090">
<subfield code="a">b</subfield>
</datafield>
<datafield ind1="1" ind2=" " tag="100">
<subfield code="8">1\p</subfield>
<subfield code="a">Lullies, Eckard</subfield>
<subfield code="e">Verfasser</subfield>
<subfield code="4">aut</subfield>
</datafield>
<datafield ind1="1" ind2="0" tag="245">
<subfield code="a">Die Fehde der Guttenberg gegen die Vögte und die Adelsfehde gegen Eger</subfield>
<subfield code="c">Eckard Lullies. Freunde der Plassenburg e.V. Kulmbach</subfield>
</datafield>
<datafield ind1=" " ind2="1" tag="264">
<subfield code="a">Kulmbach</subfield>
<subfield code="b">Freunde der Plassenburg</subfield>
<subfield code="c">[1999]</subfield>
</datafield>
<datafield ind1=" " ind2=" " tag="300">
<subfield code="a">XXXI, 203 S.</subfield>
<subfield code="b">Ill.</subfield>
<subfield code="c">23 cm</subfield>
</datafield>
<datafield ind1=" " ind2=" " tag="336">
<subfield code="a">Text</subfield>
<subfield code="b">txt</subfield>
<subfield code="2">rdacontent</subfield>
</datafield>
<datafield ind1=" " ind2=" " tag="337">
<subfield code="a">ohne Hilfsmittel zu benutzen</subfield>
<subfield code="b">n</subfield>
<subfield code="2">rdamedia</subfield>
</datafield>
<datafield ind1=" " ind2=" " tag="338">
<subfield code="a">Band</subfield>
<subfield code="b">nc</subfield>
<subfield code="2">rdacarrier</subfield>
</datafield>
<datafield ind1="1" ind2=" " tag="490">
<subfield code="a">Schriftenreihe "Die Plassenburg" für Heimatforschung und Kulturpflege in Ostfranken</subfield>
<subfield code="v">Bd. 50</subfield>
</datafield>
<datafield ind1="3" ind2="7" tag="600">
<subfield code="0">(DE-588)118868772</subfield>
<subfield code="0">https://d-nb.info/gnd/118868772</subfield>
<subfield code="0">(DE-101)118868772</subfield>
<subfield code="a">Guttenberg</subfield>
<subfield code="c">Familie : 1148-</subfield>
<subfield code="9">rswk-swf</subfield>
<subfield code="2">gnd</subfield>
</datafield>
<datafield ind1=" " ind2="7" tag="648">
<subfield code="a">Geschichte 1380</subfield>
<subfield code="9">rswk-swf</subfield>
<subfield code="2">gnd</subfield>
</datafield>
<datafield ind1=" " ind2="7" tag="650">
<subfield code="0">(DE-588)4153827-4</subfield>
<subfield code="0">https://d-nb.info/gnd/4153827-4</subfield>
<subfield code="0">(DE-101)041538277</subfield>
<subfield code="a">Fehde</subfield>
<subfield code="9">rswk-swf</subfield>
<subfield code="2">gnd</subfield>
</datafield>
<datafield ind1="0" ind2="0" tag="689">
<subfield code="0">(DE-588)118868772</subfield>
<subfield code="0">https://d-nb.info/gnd/118868772</subfield>
<subfield code="0">(DE-101)118868772</subfield>
<subfield code="D">p</subfield>
<subfield code="a">Guttenberg</subfield>
<subfield code="c">Familie : 1148-</subfield>
</datafield>
<datafield ind1="0" ind2="1" tag="689">
<subfield code="0">(DE-588)4153827-4</subfield>
<subfield code="0">https://d-nb.info/gnd/4153827-4</subfield>
<subfield code="0">(DE-101)041538277</subfield>
<subfield code="D">s</subfield>
<subfield code="a">Fehde</subfield>
</datafield>
<datafield ind1="0" ind2="2" tag="689">
<subfield code="A">z</subfield>
<subfield code="a">Geschichte 1380</subfield>
</datafield>
<datafield ind1="0" ind2=" " tag="689">
<subfield code="5">DE-101</subfield>
<subfield code="5">DE-101</subfield>
</datafield>
<datafield ind1=" " ind2="0" tag="830">
<subfield code="a">Schriftenreihe "Die Plassenburg" für Heimatforschung und Kulturpflege in Ostfranken</subfield>
<subfield code="v">Bd. 50</subfield>
<subfield code="w">(DE-101)014026902</subfield>
<subfield code="w">(DE-600)742258-1</subfield>
<subfield code="9">250</subfield>
<subfield code="7">as</subfield>
</datafield>
<datafield ind1=" " ind2=" " tag="850">
<subfield code="a">DE-101a</subfield>
<subfield code="a">DE-101b</subfield>
</datafield>
<datafield ind1="4" ind2="2" tag="856">
<subfield code="m">B:DE-101</subfield>
<subfield code="q">application/pdf</subfield>
<subfield code="u">https://d-nb.info/95839105X/04</subfield>
<subfield code="3">Inhaltsverzeichnis</subfield>
</datafield>
<datafield ind1="2" ind2=" " tag="883">
<subfield code="8">1\p</subfield>
<subfield code="a">dnb</subfield>
<subfield code="d">20200614</subfield>
<subfield code="q">DE-101</subfield>
<subfield code="u">https://d-nb.info/provenance/plan#dnb</subfield>
</datafield>
<datafield ind1="r" ind2=" " tag="925">
<subfield code="a">rb</subfield>
</datafield>
</record>