<record type="Bibliographic" xmlns="http://www.loc.gov/MARC21/slim">
<leader>00000pam a2200000 c 4500</leader>
<controlfield tag="001">956382185</controlfield>
<controlfield tag="003">DE-101</controlfield>
<controlfield tag="005">20171203065659.0</controlfield>
<controlfield tag="007">tu</controlfield>
<controlfield tag="008">990511s1999    gw ||||| |||| 00||||ger  </controlfield>
<datafield ind1=" " ind2=" " tag="015">
<subfield code="a">00,A12,0588</subfield>
<subfield code="z">99,N23,0798</subfield>
<subfield code="2">dnb</subfield>
</datafield>
<datafield ind1="7" ind2=" " tag="016">
<subfield code="2">DE-101</subfield>
<subfield code="a">956382185</subfield>
</datafield>
<datafield ind1=" " ind2=" " tag="020">
<subfield code="a">9783631346945</subfield>
<subfield code="c">kart. : DM 148.00 (freier Pr.)</subfield>
<subfield code="9">978-3-631-34694-5</subfield>
</datafield>
<datafield ind1=" " ind2=" " tag="020">
<subfield code="a">3631346948</subfield>
<subfield code="c">kart. : DM 148.00 (freier Pr.)</subfield>
<subfield code="9">3-631-34694-8</subfield>
</datafield>
<datafield ind1=" " ind2=" " tag="035">
<subfield code="a">(DE-599)DNB956382185</subfield>
</datafield>
<datafield ind1=" " ind2=" " tag="035">
<subfield code="a">(OCoLC)231825540</subfield>
</datafield>
<datafield ind1=" " ind2=" " tag="040">
<subfield code="a">1240</subfield>
<subfield code="b">ger</subfield>
<subfield code="c">DE-101</subfield>
<subfield code="d">9999</subfield>
</datafield>
<datafield ind1=" " ind2=" " tag="041">
<subfield code="a">ger</subfield>
</datafield>
<datafield ind1=" " ind2=" " tag="043">
<subfield code="c">XA-DE</subfield>
</datafield>
<datafield ind1=" " ind2=" " tag="044">
<subfield code="c">XA-DE</subfield>
</datafield>
<datafield ind1=" " ind2=" " tag="084">
<subfield code="a">19</subfield>
<subfield code="a">63</subfield>
<subfield code="a">12</subfield>
<subfield code="a">64</subfield>
<subfield code="a">340</subfield>
<subfield code="a">360</subfield>
<subfield code="q">DE-101</subfield>
<subfield code="2">sdnb</subfield>
</datafield>
<datafield ind1=" " ind2=" " tag="084">
<subfield code="a">16.5p</subfield>
<subfield code="a">7.2c</subfield>
<subfield code="a">3.3c</subfield>
<subfield code="a">16.5</subfield>
<subfield code="q">DE-101</subfield>
<subfield code="2">sswd</subfield>
</datafield>
<datafield ind1="0" ind2="0" tag="245">
<subfield code="a">Hans Kohlhase</subfield>
<subfield code="b">die Geschichte einer Fehde in Sachsen und Brandenburg zur Zeit der Reformation</subfield>
<subfield code="c">Malte Dießelhorst ; Arne Duncker</subfield>
</datafield>
<datafield ind1=" " ind2="1" tag="264">
<subfield code="a">Frankfurt am Main</subfield>
<subfield code="a">Berlin</subfield>
<subfield code="a">Bern</subfield>
<subfield code="a">Bruxelles</subfield>
<subfield code="a">New York</subfield>
<subfield code="a">Wien</subfield>
<subfield code="b">Lang</subfield>
<subfield code="c">1999</subfield>
</datafield>
<datafield ind1=" " ind2=" " tag="300">
<subfield code="a">564 S.</subfield>
<subfield code="b">Ill.</subfield>
<subfield code="c">21 cm</subfield>
</datafield>
<datafield ind1=" " ind2=" " tag="336">
<subfield code="a">Text</subfield>
<subfield code="b">txt</subfield>
<subfield code="2">rdacontent</subfield>
</datafield>
<datafield ind1=" " ind2=" " tag="337">
<subfield code="a">ohne Hilfsmittel zu benutzen</subfield>
<subfield code="b">n</subfield>
<subfield code="2">rdamedia</subfield>
</datafield>
<datafield ind1=" " ind2=" " tag="338">
<subfield code="a">Band</subfield>
<subfield code="b">nc</subfield>
<subfield code="2">rdacarrier</subfield>
</datafield>
<datafield ind1="1" ind2=" " tag="490">
<subfield code="a">Rechtshistorische Reihe</subfield>
<subfield code="v">Bd. 201</subfield>
</datafield>
<datafield ind1="1" ind2="7" tag="600">
<subfield code="0">(DE-588)118564641</subfield>
<subfield code="0">https://d-nb.info/gnd/118564641</subfield>
<subfield code="0">(DE-101)118564641</subfield>
<subfield code="a">Kohlhase, Hans</subfield>
<subfield code="d">1500-1540</subfield>
<subfield code="9">rswk-swf</subfield>
<subfield code="2">gnd</subfield>
</datafield>
<datafield ind1=" " ind2="7" tag="650">
<subfield code="0">(DE-588)4153827-4</subfield>
<subfield code="0">https://d-nb.info/gnd/4153827-4</subfield>
<subfield code="0">(DE-101)041538277</subfield>
<subfield code="a">Fehde</subfield>
<subfield code="9">rswk-swf</subfield>
<subfield code="2">gnd</subfield>
</datafield>
<datafield ind1="0" ind2="0" tag="689">
<subfield code="0">(DE-588)118564641</subfield>
<subfield code="0">https://d-nb.info/gnd/118564641</subfield>
<subfield code="0">(DE-101)118564641</subfield>
<subfield code="D">p</subfield>
<subfield code="a">Kohlhase, Hans</subfield>
<subfield code="d">1500-1540</subfield>
</datafield>
<datafield ind1="0" ind2="1" tag="689">
<subfield code="0">(DE-588)4153827-4</subfield>
<subfield code="0">https://d-nb.info/gnd/4153827-4</subfield>
<subfield code="0">(DE-101)041538277</subfield>
<subfield code="D">s</subfield>
<subfield code="a">Fehde</subfield>
</datafield>
<datafield ind1="0" ind2=" " tag="689">
<subfield code="5">DE-101</subfield>
<subfield code="5">DE-101</subfield>
</datafield>
<datafield ind1="1" ind2=" " tag="700">
<subfield code="0">(DE-588)119356988</subfield>
<subfield code="0">https://d-nb.info/gnd/119356988</subfield>
<subfield code="0">(DE-101)119356988</subfield>
<subfield code="a">Dießelhorst, Malte</subfield>
<subfield code="d">1928-2012</subfield>
<subfield code="e">Mitwirkender</subfield>
<subfield code="4">ctb</subfield>
<subfield code="2">gnd</subfield>
</datafield>
<datafield ind1="1" ind2=" " tag="700">
<subfield code="0">(DE-588)121072320</subfield>
<subfield code="0">https://d-nb.info/gnd/121072320</subfield>
<subfield code="0">(DE-101)121072320</subfield>
<subfield code="a">Duncker, Arne</subfield>
<subfield code="d">1964-</subfield>
<subfield code="e">Mitwirkender</subfield>
<subfield code="4">ctb</subfield>
<subfield code="2">gnd</subfield>
</datafield>
<datafield ind1=" " ind2="0" tag="830">
<subfield code="a">Rechtshistorische Reihe</subfield>
<subfield code="v">Bd. 201</subfield>
<subfield code="w">(DE-101)013055666</subfield>
<subfield code="w">(DE-600)553472-0</subfield>
<subfield code="9">3201</subfield>
<subfield code="7">as</subfield>
</datafield>
<datafield ind1=" " ind2=" " tag="850">
<subfield code="a">DE-101a</subfield>
<subfield code="a">DE-101b</subfield>
</datafield>
<datafield ind1="4" ind2="2" tag="856">
<subfield code="m">V:DE-601</subfield>
<subfield code="q">application/pdf</subfield>
<subfield code="u">https://d-nb.info/956382185/04</subfield>
<subfield code="3">Inhaltsverzeichnis</subfield>
</datafield>
<datafield ind1="r" ind2=" " tag="925">
<subfield code="a">ra</subfield>
</datafield>
</record>