<record type="Bibliographic" xmlns="http://www.loc.gov/MARC21/slim">
<leader>00000nam a2200000 c 4500</leader>
<controlfield tag="001">956210325</controlfield>
<controlfield tag="003">DE-101</controlfield>
<controlfield tag="005">20230626080022.0</controlfield>
<controlfield tag="007">tu</controlfield>
<controlfield tag="008">990415s1999    gw ||||| |||| 00||||ger  </controlfield>
<datafield ind1=" " ind2=" " tag="015">
<subfield code="a">99,B23,0726</subfield>
<subfield code="2">dnb</subfield>
</datafield>
<datafield ind1="7" ind2=" " tag="016">
<subfield code="2">DE-101</subfield>
<subfield code="a">956210325</subfield>
</datafield>
<datafield ind1=" " ind2=" " tag="020">
<subfield code="c">geh.</subfield>
</datafield>
<datafield ind1=" " ind2=" " tag="035">
<subfield code="a">(DE-599)DNB956210325</subfield>
</datafield>
<datafield ind1=" " ind2=" " tag="035">
<subfield code="a">(OCoLC)76041193</subfield>
</datafield>
<datafield ind1=" " ind2=" " tag="040">
<subfield code="a">1240</subfield>
<subfield code="b">ger</subfield>
<subfield code="c">DE-101</subfield>
<subfield code="d">9999</subfield>
</datafield>
<datafield ind1=" " ind2=" " tag="041">
<subfield code="a">ger</subfield>
</datafield>
<datafield ind1=" " ind2=" " tag="043">
<subfield code="c">XA-PL</subfield>
</datafield>
<datafield ind1=" " ind2=" " tag="044">
<subfield code="c">XA-DE</subfield>
</datafield>
<datafield ind1=" " ind2=" " tag="084">
<subfield code="a">57</subfield>
<subfield code="a">490</subfield>
<subfield code="a">890</subfield>
<subfield code="q">DE-101</subfield>
<subfield code="2">sdnb</subfield>
</datafield>
<datafield ind1=" " ind2=" " tag="084">
<subfield code="a">12.2p</subfield>
<subfield code="q">DE-101</subfield>
<subfield code="2">sswd</subfield>
</datafield>
<datafield ind1=" " ind2=" " tag="090">
<subfield code="a">b</subfield>
</datafield>
<datafield ind1="1" ind2=" " tag="100">
<subfield code="8">1\p</subfield>
<subfield code="0">(DE-588)1191380467</subfield>
<subfield code="0">https://d-nb.info/gnd/1191380467</subfield>
<subfield code="0">(DE-101)1191380467</subfield>
<subfield code="a">Kneip, Heinz</subfield>
<subfield code="d">1936-2020</subfield>
<subfield code="e">Verfasser</subfield>
<subfield code="4">aut</subfield>
<subfield code="2">gnd</subfield>
</datafield>
<datafield ind1="1" ind2="0" tag="245">
<subfield code="a">"Pan Tadeusz" oder die letzte Fehde in Litauen</subfield>
<subfield code="b">das polnische Nationalepos</subfield>
<subfield code="c">von Heinz Kneip. [Hrsg. von: Tilman Berger ...]</subfield>
</datafield>
<datafield ind1=" " ind2="1" tag="264">
<subfield code="a">Tübingen</subfield>
<subfield code="b">Slavisches Seminar der Univ.</subfield>
<subfield code="c">1999</subfield>
</datafield>
<datafield ind1=" " ind2=" " tag="300">
<subfield code="a">17 S.</subfield>
<subfield code="c">21 cm</subfield>
</datafield>
<datafield ind1=" " ind2=" " tag="336">
<subfield code="a">Text</subfield>
<subfield code="b">txt</subfield>
<subfield code="2">rdacontent</subfield>
</datafield>
<datafield ind1=" " ind2=" " tag="337">
<subfield code="a">ohne Hilfsmittel zu benutzen</subfield>
<subfield code="b">n</subfield>
<subfield code="2">rdamedia</subfield>
</datafield>
<datafield ind1=" " ind2=" " tag="338">
<subfield code="a">Band</subfield>
<subfield code="b">nc</subfield>
<subfield code="2">rdacarrier</subfield>
</datafield>
<datafield ind1="1" ind2=" " tag="490">
<subfield code="a">Vorträge am Slavischen Seminar der Universität Tübingen</subfield>
<subfield code="v">Nr. 21</subfield>
</datafield>
<datafield ind1="1" ind2="7" tag="600">
<subfield code="0">(DE-588)4519152-9</subfield>
<subfield code="0">https://d-nb.info/gnd/4519152-9</subfield>
<subfield code="0">(DE-101)954842146</subfield>
<subfield code="a">Mickiewicz, Adam</subfield>
<subfield code="d">1798-1855</subfield>
<subfield code="t">Pan Tadeusz</subfield>
<subfield code="9">rswk-swf</subfield>
<subfield code="2">gnd</subfield>
</datafield>
<datafield ind1="0" ind2="0" tag="689">
<subfield code="0">(DE-588)4519152-9</subfield>
<subfield code="0">https://d-nb.info/gnd/4519152-9</subfield>
<subfield code="0">(DE-101)954842146</subfield>
<subfield code="D">p</subfield>
<subfield code="a">Mickiewicz, Adam</subfield>
<subfield code="d">1798-1855</subfield>
<subfield code="t">Pan Tadeusz</subfield>
</datafield>
<datafield ind1="0" ind2=" " tag="689">
<subfield code="5">DE-101</subfield>
<subfield code="5">DE-101</subfield>
</datafield>
<datafield ind1="2" ind2=" " tag="810">
<subfield code="a">Eberhard Karls Universität Tübingen</subfield>
<subfield code="b">Slavisches Seminar</subfield>
<subfield code="4">aut</subfield>
<subfield code="t">Vorträge am Slavischen Seminar der Universität Tübingen</subfield>
<subfield code="v">Nr. 21</subfield>
<subfield code="w">(DE-101)020070004</subfield>
<subfield code="w">(DE-600)2002358-3</subfield>
<subfield code="9">221</subfield>
<subfield code="7">as</subfield>
</datafield>
<datafield ind1=" " ind2=" " tag="850">
<subfield code="a">DE-101a</subfield>
<subfield code="a">DE-101b</subfield>
</datafield>
<datafield ind1=" " ind2=" " tag="883">
<subfield code="8">1\p</subfield>
<subfield code="a">cgwrk</subfield>
<subfield code="d">20230626</subfield>
<subfield code="q">DE-101</subfield>
<subfield code="u">https://d-nb.info/provenance/plan#cgwrk</subfield>
</datafield>
<datafield ind1="r" ind2=" " tag="925">
<subfield code="a">rb</subfield>
</datafield>
</record>