<record type="Bibliographic" xmlns="http://www.loc.gov/MARC21/slim">
<leader>00000pam a2200000 c 4500</leader>
<controlfield tag="001">956558542</controlfield>
<controlfield tag="003">DE-101</controlfield>
<controlfield tag="005">20240418233956.0</controlfield>
<controlfield tag="007">tu</controlfield>
<controlfield tag="008">990602s1999    gw ||||| |||| 00||||ger  </controlfield>
<datafield ind1=" " ind2=" " tag="015">
<subfield code="a">99,N33,0828</subfield>
<subfield code="2">dnb</subfield>
</datafield>
<datafield ind1="7" ind2=" " tag="016">
<subfield code="2">DE-101</subfield>
<subfield code="a">956558542</subfield>
</datafield>
<datafield ind1=" " ind2=" " tag="020">
<subfield code="a">9783424015027</subfield>
<subfield code="c">Gewebe : DM 58.00</subfield>
<subfield code="9">978-3-424-01502-7</subfield>
</datafield>
<datafield ind1=" " ind2=" " tag="020">
<subfield code="a">3424015024</subfield>
<subfield code="c">Gewebe : DM 58.00</subfield>
<subfield code="9">3-424-01502-4</subfield>
</datafield>
<datafield ind1=" " ind2=" " tag="035">
<subfield code="a">(DE-599)DNB956558542</subfield>
</datafield>
<datafield ind1=" " ind2=" " tag="035">
<subfield code="a">(OCoLC)722343943</subfield>
</datafield>
<datafield ind1=" " ind2=" " tag="040">
<subfield code="a">1240</subfield>
<subfield code="b">ger</subfield>
<subfield code="c">DE-101</subfield>
<subfield code="d">0292</subfield>
</datafield>
<datafield ind1=" " ind2=" " tag="041">
<subfield code="a">ger</subfield>
<subfield code="h">ice</subfield>
</datafield>
<datafield ind1=" " ind2=" " tag="044">
<subfield code="c">XA-DE</subfield>
</datafield>
<datafield ind1="7" ind2="4" tag="082">
<subfield code="a">839</subfield>
<subfield code="a">B</subfield>
<subfield code="q">DE-101</subfield>
<subfield code="2">22sdnb</subfield>
</datafield>
<datafield ind1=" " ind2=" " tag="090">
<subfield code="a">b</subfield>
</datafield>
<datafield ind1="0" ind2="0" tag="245">
<subfield code="a">Sagas aus Ostisland</subfield>
<subfield code="b">die Hrafnkels-Saga und andere Geschichten von Macht und Fehde</subfield>
<subfield code="c">hrsg. und aus dem Altisländ. übers. von Dirk Huth</subfield>
</datafield>
<datafield ind1=" " ind2="1" tag="264">
<subfield code="a">Kreuzlingen</subfield>
<subfield code="a">München</subfield>
<subfield code="b">Hugendubel</subfield>
<subfield code="c">1999</subfield>
</datafield>
<datafield ind1=" " ind2=" " tag="300">
<subfield code="a">403 S.</subfield>
<subfield code="b">Kt.</subfield>
<subfield code="c">22 cm</subfield>
</datafield>
<datafield ind1=" " ind2=" " tag="336">
<subfield code="a">Text</subfield>
<subfield code="b">txt</subfield>
<subfield code="2">rdacontent</subfield>
</datafield>
<datafield ind1=" " ind2=" " tag="337">
<subfield code="a">ohne Hilfsmittel zu benutzen</subfield>
<subfield code="b">n</subfield>
<subfield code="2">rdamedia</subfield>
</datafield>
<datafield ind1=" " ind2=" " tag="338">
<subfield code="a">Band</subfield>
<subfield code="b">nc</subfield>
<subfield code="2">rdacarrier</subfield>
</datafield>
<datafield ind1="0" ind2=" " tag="490">
<subfield code="a">Saga : Island</subfield>
</datafield>
<datafield ind1="0" ind2=" " tag="490">
<subfield code="a">Diederichs</subfield>
</datafield>
<datafield ind1=" " ind2=" " tag="500">
<subfield code="a">Literaturverz. S. 348 - 353</subfield>
</datafield>
<datafield ind1=" " ind2="7" tag="650">
<subfield code="0">(DE-588)4051284-8</subfield>
<subfield code="0">https://d-nb.info/gnd/4051284-8</subfield>
<subfield code="0">(DE-101)040512843</subfield>
<subfield code="a">Saga</subfield>
<subfield code="9">rswk-swf</subfield>
<subfield code="2">gnd</subfield>
</datafield>
<datafield ind1=" " ind2="7" tag="655">
<subfield code="0">(DE-588)4002214-6</subfield>
<subfield code="0">https://d-nb.info/gnd/4002214-6</subfield>
<subfield code="0">(DE-101)040022145</subfield>
<subfield code="a">Anthologie</subfield>
<subfield code="2">gnd-content</subfield>
</datafield>
<datafield ind1=" " ind2="7" tag="655">
<subfield code="a">Anthologie</subfield>
<subfield code="9">rswk-swf</subfield>
<subfield code="2">gnd</subfield>
</datafield>
<datafield ind1="0" ind2="0" tag="689">
<subfield code="0">(DE-588)4051284-8</subfield>
<subfield code="0">https://d-nb.info/gnd/4051284-8</subfield>
<subfield code="0">(DE-101)040512843</subfield>
<subfield code="D">s</subfield>
<subfield code="a">Saga</subfield>
</datafield>
<datafield ind1="0" ind2="1" tag="689">
<subfield code="A">f</subfield>
<subfield code="a">Anthologie</subfield>
</datafield>
<datafield ind1="0" ind2=" " tag="689">
<subfield code="5">DE-101</subfield>
<subfield code="5">DE-101</subfield>
</datafield>
<datafield ind1="1" ind2=" " tag="700">
<subfield code="0">(DE-588)121771903</subfield>
<subfield code="0">https://d-nb.info/gnd/121771903</subfield>
<subfield code="0">(DE-101)121771903</subfield>
<subfield code="a">Huth, Dirk</subfield>
<subfield code="d">1963-</subfield>
<subfield code="e">Herausgeber</subfield>
<subfield code="4">edt</subfield>
<subfield code="2">gnd</subfield>
</datafield>
<datafield ind1=" " ind2=" " tag="850">
<subfield code="a">DE-101a</subfield>
<subfield code="a">DE-101b</subfield>
</datafield>
<datafield ind1="4" ind2="2" tag="856">
<subfield code="m">B:DE-101</subfield>
<subfield code="q">application/pdf</subfield>
<subfield code="u">https://d-nb.info/956558542/04</subfield>
<subfield code="3">Inhaltsverzeichnis</subfield>
</datafield>
<datafield ind1="r" ind2=" " tag="925">
<subfield code="a">ra</subfield>
</datafield>
</record>