<record type="Bibliographic" xmlns="http://www.loc.gov/MARC21/slim">
<leader>00000pam a2200000 c 4500</leader>
<controlfield tag="001">953268667</controlfield>
<controlfield tag="003">DE-101</controlfield>
<controlfield tag="005">20240828173811.0</controlfield>
<controlfield tag="007">tu</controlfield>
<controlfield tag="008">980320s1998    gw ||||| |||| 00||||ger  </controlfield>
<datafield ind1=" " ind2=" " tag="015">
<subfield code="a">98,A35,1604</subfield>
<subfield code="z">98,N16,0695</subfield>
<subfield code="2">dnb</subfield>
</datafield>
<datafield ind1="7" ind2=" " tag="016">
<subfield code="2">DE-101</subfield>
<subfield code="a">953268667</subfield>
</datafield>
<datafield ind1=" " ind2=" " tag="020">
<subfield code="a">9783793008835</subfield>
<subfield code="c">kart. : DM 29.80, sfr 29.80, S 218.00</subfield>
<subfield code="9">978-3-7930-0883-5</subfield>
</datafield>
<datafield ind1=" " ind2=" " tag="020">
<subfield code="a">3793008835</subfield>
<subfield code="c">kart. : DM 29.80, sfr 29.80, S 218.00</subfield>
<subfield code="9">3-7930-0883-5</subfield>
</datafield>
<datafield ind1="8" ind2=" " tag="024">
<subfield code="a">1196</subfield>
</datafield>
<datafield ind1=" " ind2=" " tag="035">
<subfield code="a">(DE-599)DNB953268667</subfield>
</datafield>
<datafield ind1=" " ind2=" " tag="035">
<subfield code="a">(OCoLC)723006362</subfield>
</datafield>
<datafield ind1=" " ind2=" " tag="040">
<subfield code="a">1240</subfield>
<subfield code="b">ger</subfield>
<subfield code="c">DE-101</subfield>
<subfield code="d">9999</subfield>
</datafield>
<datafield ind1=" " ind2=" " tag="041">
<subfield code="a">ger</subfield>
</datafield>
<datafield ind1=" " ind2=" " tag="043">
<subfield code="c">XA-DE-BW</subfield>
<subfield code="c">XA-DE-BW</subfield>
</datafield>
<datafield ind1=" " ind2=" " tag="044">
<subfield code="c">XA-DE</subfield>
</datafield>
<datafield ind1=" " ind2=" " tag="084">
<subfield code="a">64</subfield>
<subfield code="a">63</subfield>
<subfield code="a">900</subfield>
<subfield code="a">940</subfield>
<subfield code="a">943</subfield>
<subfield code="a">950</subfield>
<subfield code="a">960</subfield>
<subfield code="a">970</subfield>
<subfield code="a">980</subfield>
<subfield code="a">990</subfield>
<subfield code="q">DE-101</subfield>
<subfield code="2">sdnb</subfield>
</datafield>
<datafield ind1=" " ind2=" " tag="084">
<subfield code="a">9.1c</subfield>
<subfield code="a">16.5</subfield>
<subfield code="a">9.1c</subfield>
<subfield code="a">16.5</subfield>
<subfield code="q">DE-101</subfield>
<subfield code="2">sswd</subfield>
</datafield>
<datafield ind1="1" ind2=" " tag="100">
<subfield code="8">1\p</subfield>
<subfield code="0">(DE-588)1145809545</subfield>
<subfield code="0">https://d-nb.info/gnd/1145809545</subfield>
<subfield code="0">(DE-101)1145809545</subfield>
<subfield code="a">Hainmüller, Bernd</subfield>
<subfield code="d">1948-</subfield>
<subfield code="e">Verfasser</subfield>
<subfield code="4">aut</subfield>
<subfield code="2">gnd</subfield>
</datafield>
<datafield ind1="1" ind2="0" tag="245">
<subfield code="a">Erst die Fehde - dann der Krieg</subfield>
<subfield code="b">Jugend unterm Hakenkreuz - Freiburgs Hitler-Jugend ; Begleitbuch zum Film "Es zittern die morschen Knochen" von Südwest 3</subfield>
<subfield code="c">Bernd Hainmüller</subfield>
</datafield>
<datafield ind1=" " ind2=" " tag="250">
<subfield code="a">1. Aufl.</subfield>
</datafield>
<datafield ind1=" " ind2=" " tag="259">
<subfield code="a">11</subfield>
</datafield>
<datafield ind1=" " ind2="1" tag="264">
<subfield code="a">Freiburg im Breisgau</subfield>
<subfield code="b">Rombach</subfield>
<subfield code="c">1998</subfield>
</datafield>
<datafield ind1=" " ind2=" " tag="300">
<subfield code="a">176 S.</subfield>
<subfield code="b">Ill.</subfield>
<subfield code="c">23 cm</subfield>
</datafield>
<datafield ind1=" " ind2=" " tag="336">
<subfield code="a">Text</subfield>
<subfield code="b">txt</subfield>
<subfield code="2">rdacontent</subfield>
</datafield>
<datafield ind1=" " ind2=" " tag="337">
<subfield code="a">ohne Hilfsmittel zu benutzen</subfield>
<subfield code="b">n</subfield>
<subfield code="2">rdamedia</subfield>
</datafield>
<datafield ind1=" " ind2=" " tag="338">
<subfield code="a">Band</subfield>
<subfield code="b">nc</subfield>
<subfield code="2">rdacarrier</subfield>
</datafield>
<datafield ind1=" " ind2=" " tag="500">
<subfield code="a">Literaturverz. S. 159 - 162</subfield>
</datafield>
<datafield ind1="2" ind2="7" tag="610">
<subfield code="0">(DE-588)31334-8</subfield>
<subfield code="0">https://d-nb.info/gnd/31334-8</subfield>
<subfield code="0">(DE-101)000313343</subfield>
<subfield code="a">Hitler-Jugend</subfield>
<subfield code="9">rswk-swf</subfield>
<subfield code="2">gnd</subfield>
</datafield>
<datafield ind1="2" ind2="7" tag="610">
<subfield code="0">(DE-588)31334-8</subfield>
<subfield code="0">https://d-nb.info/gnd/31334-8</subfield>
<subfield code="0">(DE-101)000313343</subfield>
<subfield code="a">Hitler-Jugend</subfield>
<subfield code="9">rswk-swf</subfield>
<subfield code="2">gnd</subfield>
</datafield>
<datafield ind1=" " ind2="7" tag="651">
<subfield code="0">(DE-588)4018272-1</subfield>
<subfield code="0">https://d-nb.info/gnd/4018272-1</subfield>
<subfield code="0">(DE-101)04018272X</subfield>
<subfield code="a">Freiburg im Breisgau</subfield>
<subfield code="9">rswk-swf</subfield>
<subfield code="2">gnd</subfield>
</datafield>
<datafield ind1=" " ind2="7" tag="651">
<subfield code="0">(DE-588)4018272-1</subfield>
<subfield code="0">https://d-nb.info/gnd/4018272-1</subfield>
<subfield code="0">(DE-101)04018272X</subfield>
<subfield code="a">Freiburg im Breisgau</subfield>
<subfield code="9">rswk-swf</subfield>
<subfield code="2">gnd</subfield>
</datafield>
<datafield ind1=" " ind2=" " tag="653">
<subfield code="a">(AFSB-S)"Es zittern die morschen Knochen" &lt;Film&gt; / Begleitbuch</subfield>
</datafield>
<datafield ind1=" " ind2=" " tag="653">
<subfield code="a">(AFSB-S)Jugend / nationalsozialistische</subfield>
</datafield>
<datafield ind1=" " ind2="7" tag="655">
<subfield code="0">(DE-588)4133254-4</subfield>
<subfield code="0">https://d-nb.info/gnd/4133254-4</subfield>
<subfield code="0">(DE-101)041332547</subfield>
<subfield code="a">Erlebnisbericht</subfield>
<subfield code="2">gnd-content</subfield>
</datafield>
<datafield ind1=" " ind2="7" tag="655">
<subfield code="a">Erlebnisbericht</subfield>
<subfield code="9">rswk-swf</subfield>
<subfield code="2">gnd</subfield>
</datafield>
<datafield ind1="0" ind2="0" tag="689">
<subfield code="0">(DE-588)4018272-1</subfield>
<subfield code="0">https://d-nb.info/gnd/4018272-1</subfield>
<subfield code="0">(DE-101)04018272X</subfield>
<subfield code="D">g</subfield>
<subfield code="a">Freiburg im Breisgau</subfield>
</datafield>
<datafield ind1="0" ind2="1" tag="689">
<subfield code="0">(DE-588)31334-8</subfield>
<subfield code="0">https://d-nb.info/gnd/31334-8</subfield>
<subfield code="0">(DE-101)000313343</subfield>
<subfield code="D">b</subfield>
<subfield code="a">Hitler-Jugend</subfield>
</datafield>
<datafield ind1="0" ind2=" " tag="689">
<subfield code="5">DE-101</subfield>
<subfield code="5">DE-101</subfield>
</datafield>
<datafield ind1="1" ind2="0" tag="689">
<subfield code="0">(DE-588)4018272-1</subfield>
<subfield code="0">https://d-nb.info/gnd/4018272-1</subfield>
<subfield code="0">(DE-101)04018272X</subfield>
<subfield code="D">g</subfield>
<subfield code="a">Freiburg im Breisgau</subfield>
</datafield>
<datafield ind1="1" ind2="1" tag="689">
<subfield code="0">(DE-588)31334-8</subfield>
<subfield code="0">https://d-nb.info/gnd/31334-8</subfield>
<subfield code="0">(DE-101)000313343</subfield>
<subfield code="D">b</subfield>
<subfield code="a">Hitler-Jugend</subfield>
</datafield>
<datafield ind1="1" ind2="2" tag="689">
<subfield code="A">f</subfield>
<subfield code="a">Erlebnisbericht</subfield>
</datafield>
<datafield ind1="1" ind2=" " tag="689">
<subfield code="5">DE-101</subfield>
<subfield code="5">DE-101</subfield>
</datafield>
<datafield ind1=" " ind2=" " tag="850">
<subfield code="a">DE-101a</subfield>
<subfield code="a">DE-101b</subfield>
</datafield>
<datafield ind1="4" ind2="2" tag="856">
<subfield code="m">B:DE-101</subfield>
<subfield code="q">application/pdf</subfield>
<subfield code="u">https://d-nb.info/953268667/04</subfield>
<subfield code="3">Inhaltsverzeichnis</subfield>
</datafield>
<datafield ind1=" " ind2=" " tag="883">
<subfield code="8">1\p</subfield>
<subfield code="a">cgwrk</subfield>
<subfield code="d">20210314</subfield>
<subfield code="q">DE-101</subfield>
<subfield code="u">https://d-nb.info/provenance/plan#cgwrk</subfield>
</datafield>
<datafield ind1="r" ind2=" " tag="925">
<subfield code="a">ra</subfield>
</datafield>
</record>