<record type="Bibliographic" xmlns="http://www.loc.gov/MARC21/slim">
<leader>00000nam a2200000 c 4500</leader>
<controlfield tag="001">950893749</controlfield>
<controlfield tag="003">DE-101</controlfield>
<controlfield tag="005">20210715171640.0</controlfield>
<controlfield tag="007">tu</controlfield>
<controlfield tag="008">970708s1997    sz ||||| m||| 00||||ger  </controlfield>
<datafield ind1=" " ind2=" " tag="015">
<subfield code="a">97,A38,0440</subfield>
<subfield code="2">dnb</subfield>
</datafield>
<datafield ind1="7" ind2=" " tag="016">
<subfield code="2">DE-101</subfield>
<subfield code="a">950893749</subfield>
</datafield>
<datafield ind1=" " ind2=" " tag="020">
<subfield code="a">9783725535989</subfield>
<subfield code="c">kart. : DM 55.00</subfield>
<subfield code="9">978-3-7255-3598-9</subfield>
</datafield>
<datafield ind1=" " ind2=" " tag="020">
<subfield code="a">3725535981</subfield>
<subfield code="c">kart. : DM 55.00</subfield>
<subfield code="9">3-7255-3598-1</subfield>
</datafield>
<datafield ind1=" " ind2=" " tag="035">
<subfield code="a">(DE-599)DNB950893749</subfield>
</datafield>
<datafield ind1=" " ind2=" " tag="035">
<subfield code="a">(OCoLC)610767219</subfield>
</datafield>
<datafield ind1=" " ind2=" " tag="040">
<subfield code="a">1140</subfield>
<subfield code="b">ger</subfield>
<subfield code="c">DE-101</subfield>
<subfield code="d">9999</subfield>
</datafield>
<datafield ind1=" " ind2=" " tag="041">
<subfield code="a">ger</subfield>
</datafield>
<datafield ind1=" " ind2=" " tag="043">
<subfield code="c">XA-DE</subfield>
</datafield>
<datafield ind1=" " ind2=" " tag="044">
<subfield code="c">XA-CH</subfield>
</datafield>
<datafield ind1=" " ind2=" " tag="084">
<subfield code="a">19</subfield>
<subfield code="a">63</subfield>
<subfield code="a">64</subfield>
<subfield code="a">340</subfield>
<subfield code="a">360</subfield>
<subfield code="q">DE-101</subfield>
<subfield code="2">sdnb</subfield>
</datafield>
<datafield ind1=" " ind2=" " tag="084">
<subfield code="a">16.5p</subfield>
<subfield code="a">16.4b</subfield>
<subfield code="a">7.2b</subfield>
<subfield code="a">7.2c</subfield>
<subfield code="q">DE-101</subfield>
<subfield code="2">sswd</subfield>
</datafield>
<datafield ind1=" " ind2=" " tag="090">
<subfield code="a">b</subfield>
</datafield>
<datafield ind1="1" ind2=" " tag="100">
<subfield code="8">1\p</subfield>
<subfield code="0">(DE-588)173159680</subfield>
<subfield code="0">https://d-nb.info/gnd/173159680</subfield>
<subfield code="0">(DE-101)173159680</subfield>
<subfield code="a">Müller-Tragin, Christoph</subfield>
<subfield code="d">1956-</subfield>
<subfield code="e">Verfasser</subfield>
<subfield code="4">aut</subfield>
<subfield code="2">gnd</subfield>
</datafield>
<datafield ind1="1" ind2="0" tag="245">
<subfield code="a">Die Fehde des Hans Kolhase</subfield>
<subfield code="b">Fehderecht und Fehdepraxis zu Beginn der frühen Neuzeit in den Kurfürstentümern Sachsen und Brandenburg</subfield>
<subfield code="c">Christoph Müller-Tragin</subfield>
</datafield>
<datafield ind1=" " ind2="1" tag="264">
<subfield code="a">Zürich</subfield>
<subfield code="b">Schulthess, Polygraph. Verl.</subfield>
<subfield code="c">1997</subfield>
</datafield>
<datafield ind1=" " ind2=" " tag="300">
<subfield code="a">XXIX, 195 S.</subfield>
<subfield code="b">Kt.</subfield>
<subfield code="c">23 cm</subfield>
</datafield>
<datafield ind1=" " ind2=" " tag="336">
<subfield code="a">Text</subfield>
<subfield code="b">txt</subfield>
<subfield code="2">rdacontent</subfield>
</datafield>
<datafield ind1=" " ind2=" " tag="337">
<subfield code="a">ohne Hilfsmittel zu benutzen</subfield>
<subfield code="b">n</subfield>
<subfield code="2">rdamedia</subfield>
</datafield>
<datafield ind1=" " ind2=" " tag="338">
<subfield code="a">Band</subfield>
<subfield code="b">nc</subfield>
<subfield code="2">rdacarrier</subfield>
</datafield>
<datafield ind1="1" ind2=" " tag="490">
<subfield code="a">Zürcher Studien zur Rechtsgeschichte</subfield>
<subfield code="v">35</subfield>
</datafield>
<datafield ind1=" " ind2=" " tag="502">
<subfield code="a">Zugl.: Zürich, Univ., Diss.</subfield>
</datafield>
<datafield ind1="1" ind2="7" tag="600">
<subfield code="0">(DE-588)118564641</subfield>
<subfield code="0">https://d-nb.info/gnd/118564641</subfield>
<subfield code="0">(DE-101)118564641</subfield>
<subfield code="a">Kohlhase, Hans</subfield>
<subfield code="d">1500-1540</subfield>
<subfield code="9">rswk-swf</subfield>
<subfield code="2">gnd</subfield>
</datafield>
<datafield ind1=" " ind2="7" tag="650">
<subfield code="0">(DE-588)4153827-4</subfield>
<subfield code="0">https://d-nb.info/gnd/4153827-4</subfield>
<subfield code="0">(DE-101)041538277</subfield>
<subfield code="a">Fehde</subfield>
<subfield code="9">rswk-swf</subfield>
<subfield code="2">gnd</subfield>
</datafield>
<datafield ind1=" " ind2="7" tag="655">
<subfield code="0">(DE-588)4113937-9</subfield>
<subfield code="0">https://d-nb.info/gnd/4113937-9</subfield>
<subfield code="0">(DE-101)041139372</subfield>
<subfield code="a">Hochschulschrift</subfield>
<subfield code="2">gnd-content</subfield>
</datafield>
<datafield ind1="0" ind2="0" tag="689">
<subfield code="0">(DE-588)118564641</subfield>
<subfield code="0">https://d-nb.info/gnd/118564641</subfield>
<subfield code="0">(DE-101)118564641</subfield>
<subfield code="D">p</subfield>
<subfield code="a">Kohlhase, Hans</subfield>
<subfield code="d">1500-1540</subfield>
</datafield>
<datafield ind1="0" ind2="1" tag="689">
<subfield code="0">(DE-588)4153827-4</subfield>
<subfield code="0">https://d-nb.info/gnd/4153827-4</subfield>
<subfield code="0">(DE-101)041538277</subfield>
<subfield code="D">s</subfield>
<subfield code="a">Fehde</subfield>
</datafield>
<datafield ind1="0" ind2=" " tag="689">
<subfield code="5">DE-101</subfield>
<subfield code="5">DE-101</subfield>
</datafield>
<datafield ind1=" " ind2="0" tag="830">
<subfield code="a">Zürcher Studien zur Rechtsgeschichte</subfield>
<subfield code="v">35</subfield>
<subfield code="w">(DE-101)013815792</subfield>
<subfield code="w">(DE-600)704035-0</subfield>
<subfield code="9">235</subfield>
<subfield code="7">as</subfield>
</datafield>
<datafield ind1=" " ind2=" " tag="850">
<subfield code="a">DE-101a</subfield>
</datafield>
<datafield ind1="4" ind2="2" tag="856">
<subfield code="m">V:DE-601</subfield>
<subfield code="q">application/pdf</subfield>
<subfield code="u">https://d-nb.info/950893749/04</subfield>
<subfield code="3">Inhaltsverzeichnis</subfield>
</datafield>
<datafield ind1=" " ind2=" " tag="883">
<subfield code="8">1\p</subfield>
<subfield code="a">cgwrk</subfield>
<subfield code="d">20210314</subfield>
<subfield code="q">DE-101</subfield>
<subfield code="u">https://d-nb.info/provenance/plan#cgwrk</subfield>
</datafield>
<datafield ind1="r" ind2=" " tag="925">
<subfield code="a">ra</subfield>
</datafield>
</record>