<record type="Bibliographic" xmlns="http://www.loc.gov/MARC21/slim">
<leader>00000nam a2200000 cc4500</leader>
<controlfield tag="001">952714655</controlfield>
<controlfield tag="003">DE-101</controlfield>
<controlfield tag="005">20171203035434.0</controlfield>
<controlfield tag="007">tu</controlfield>
<controlfield tag="008">980115s1997    gw ||||| |||| 00||||ger  </controlfield>
<datafield ind1=" " ind2=" " tag="015">
<subfield code="a">98,A10,1454</subfield>
<subfield code="2">dnb</subfield>
</datafield>
<datafield ind1="7" ind2=" " tag="016">
<subfield code="2">DE-101</subfield>
<subfield code="a">952714655</subfield>
</datafield>
<datafield ind1=" " ind2=" " tag="020">
<subfield code="a">9783442247844</subfield>
<subfield code="c">kart. : DM 16.90, S 124.00</subfield>
<subfield code="9">978-3-442-24784-4</subfield>
</datafield>
<datafield ind1=" " ind2=" " tag="020">
<subfield code="a">3442247845</subfield>
<subfield code="c">kart. : DM 16.90, S 124.00</subfield>
<subfield code="9">3-442-24784-5</subfield>
</datafield>
<datafield ind1=" " ind2=" " tag="020">
<subfield code="z">3442247847</subfield>
<subfield code="c">kart. : DM 16.90, S 124.00</subfield>
<subfield code="9">3-442-24784-7</subfield>
</datafield>
<datafield ind1=" " ind2=" " tag="035">
<subfield code="a">(DE-599)DNB952714655</subfield>
</datafield>
<datafield ind1=" " ind2=" " tag="035">
<subfield code="a">(OCoLC)75854845</subfield>
</datafield>
<datafield ind1=" " ind2=" " tag="040">
<subfield code="a">1240</subfield>
<subfield code="b">ger</subfield>
<subfield code="c">DE-101</subfield>
<subfield code="d">9999</subfield>
</datafield>
<datafield ind1=" " ind2=" " tag="041">
<subfield code="a">ger</subfield>
<subfield code="h">eng</subfield>
</datafield>
<datafield ind1=" " ind2=" " tag="044">
<subfield code="c">XA-DE</subfield>
</datafield>
<datafield ind1="7" ind2="4" tag="082">
<subfield code="a">810</subfield>
<subfield code="a">B</subfield>
<subfield code="q">DE-101</subfield>
<subfield code="2">22sdnb</subfield>
</datafield>
<datafield ind1="1" ind2=" " tag="100">
<subfield code="0">(DE-588)118095811</subfield>
<subfield code="0">https://d-nb.info/gnd/118095811</subfield>
<subfield code="0">(DE-101)118095811</subfield>
<subfield code="a">Feist, Raymond E.</subfield>
<subfield code="d">1945-</subfield>
<subfield code="e">Verfasser</subfield>
<subfield code="4">aut</subfield>
<subfield code="2">gnd</subfield>
</datafield>
<datafield ind1="1" ind2="0" tag="245">
<subfield code="a">Die Schlangenkrieg-Saga</subfield>
<subfield code="n">4.</subfield>
<subfield code="p">Die Fehde von Krondor</subfield>
<subfield code="c">Raymond Feist. Aus dem Amerikan. von Andreas Helweg</subfield>
</datafield>
<datafield ind1="3" ind2="1" tag="264">
<subfield code="a">München</subfield>
<subfield code="b">Goldmann</subfield>
<subfield code="c">1997</subfield>
</datafield>
<datafield ind1=" " ind2=" " tag="300">
<subfield code="a">315 S.</subfield>
</datafield>
<datafield ind1=" " ind2=" " tag="336">
<subfield code="a">Text</subfield>
<subfield code="b">txt</subfield>
<subfield code="2">rdacontent</subfield>
</datafield>
<datafield ind1=" " ind2=" " tag="337">
<subfield code="a">ohne Hilfsmittel zu benutzen</subfield>
<subfield code="b">n</subfield>
<subfield code="2">rdamedia</subfield>
</datafield>
<datafield ind1=" " ind2=" " tag="338">
<subfield code="a">Band</subfield>
<subfield code="b">nc</subfield>
<subfield code="2">rdacarrier</subfield>
</datafield>
<datafield ind1="1" ind2=" " tag="490">
<subfield code="a">Goldmann</subfield>
<subfield code="v">24784 : Fantasy</subfield>
</datafield>
<datafield ind1="0" ind2="8" tag="773">
<subfield code="q">14</subfield>
<subfield code="w">(DE-101)949846481</subfield>
</datafield>
<datafield ind1=" " ind2="0" tag="830">
<subfield code="a">Goldmann</subfield>
<subfield code="v">24784 : Fantasy</subfield>
<subfield code="w">(DE-101)01079042X</subfield>
<subfield code="w">(DE-600)135758-X</subfield>
<subfield code="9">524784</subfield>
<subfield code="7">as</subfield>
</datafield>
<datafield ind1=" " ind2=" " tag="850">
<subfield code="a">DE-101a</subfield>
<subfield code="a">DE-101b</subfield>
</datafield>
<datafield ind1="r" ind2=" " tag="925">
<subfield code="a">ra</subfield>
</datafield>
</record>