<record type="Bibliographic" xmlns="http://www.loc.gov/MARC21/slim">
<leader>00000nam a2200000 c 4500</leader>
<controlfield tag="001">952824035</controlfield>
<controlfield tag="003">DE-101</controlfield>
<controlfield tag="005">20171203040306.0</controlfield>
<controlfield tag="007">tu</controlfield>
<controlfield tag="008">980128s1997    gw ||||| |||| 00||||ger  </controlfield>
<datafield ind1=" " ind2=" " tag="015">
<subfield code="a">98,B11,0987</subfield>
<subfield code="2">dnb</subfield>
</datafield>
<datafield ind1="7" ind2=" " tag="016">
<subfield code="2">DE-101</subfield>
<subfield code="a">952824035</subfield>
</datafield>
<datafield ind1=" " ind2=" " tag="020">
<subfield code="c">kart. : DM 50.00</subfield>
</datafield>
<datafield ind1=" " ind2=" " tag="035">
<subfield code="a">(DE-599)DNB952824035</subfield>
</datafield>
<datafield ind1=" " ind2=" " tag="035">
<subfield code="a">(OCoLC)603304437</subfield>
</datafield>
<datafield ind1=" " ind2=" " tag="040">
<subfield code="a">1140</subfield>
<subfield code="b">ger</subfield>
<subfield code="c">DE-101</subfield>
<subfield code="d">9999</subfield>
</datafield>
<datafield ind1=" " ind2=" " tag="041">
<subfield code="a">ger</subfield>
</datafield>
<datafield ind1=" " ind2=" " tag="043">
<subfield code="c">XA-DE-NW</subfield>
<subfield code="c">XA-DE</subfield>
</datafield>
<datafield ind1=" " ind2=" " tag="044">
<subfield code="c">XA-DE</subfield>
</datafield>
<datafield ind1=" " ind2=" " tag="084">
<subfield code="a">63</subfield>
<subfield code="a">900</subfield>
<subfield code="a">920</subfield>
<subfield code="a">930</subfield>
<subfield code="a">940</subfield>
<subfield code="a">943</subfield>
<subfield code="a">950</subfield>
<subfield code="a">960</subfield>
<subfield code="a">970</subfield>
<subfield code="a">980</subfield>
<subfield code="a">990</subfield>
<subfield code="q">DE-101</subfield>
<subfield code="2">sdnb</subfield>
</datafield>
<datafield ind1=" " ind2=" " tag="084">
<subfield code="a">16.5</subfield>
<subfield code="q">DE-101</subfield>
<subfield code="2">sswd</subfield>
</datafield>
<datafield ind1=" " ind2=" " tag="090">
<subfield code="a">b</subfield>
</datafield>
<datafield ind1="1" ind2=" " tag="100">
<subfield code="8">1\p</subfield>
<subfield code="a">Winter, Franz</subfield>
<subfield code="e">Verfasser</subfield>
<subfield code="4">aut</subfield>
</datafield>
<datafield ind1="1" ind2="0" tag="245">
<subfield code="a">Quellenchronik zur Soester Fehde</subfield>
<subfield code="c">Franz Winter</subfield>
</datafield>
<datafield ind1=" " ind2="1" tag="264">
<subfield code="a">Soest</subfield>
<subfield code="b">Stadtarchiv Soest</subfield>
<subfield code="c">1997</subfield>
</datafield>
<datafield ind1=" " ind2=" " tag="300">
<subfield code="a">359 S.</subfield>
<subfield code="c">29 cm</subfield>
</datafield>
<datafield ind1=" " ind2=" " tag="336">
<subfield code="a">Text</subfield>
<subfield code="b">txt</subfield>
<subfield code="2">rdacontent</subfield>
</datafield>
<datafield ind1=" " ind2=" " tag="337">
<subfield code="a">ohne Hilfsmittel zu benutzen</subfield>
<subfield code="b">n</subfield>
<subfield code="2">rdamedia</subfield>
</datafield>
<datafield ind1=" " ind2=" " tag="338">
<subfield code="a">Band</subfield>
<subfield code="b">nc</subfield>
<subfield code="2">rdacarrier</subfield>
</datafield>
<datafield ind1="1" ind2=" " tag="490">
<subfield code="a">Veröffentlichungen des Stadtarchivs Soest</subfield>
<subfield code="v">H. 20</subfield>
</datafield>
<datafield ind1=" " ind2="7" tag="648">
<subfield code="a">Geschichte</subfield>
<subfield code="9">rswk-swf</subfield>
<subfield code="2">gnd</subfield>
</datafield>
<datafield ind1=" " ind2="7" tag="650">
<subfield code="0">(DE-588)4181724-2</subfield>
<subfield code="0">https://d-nb.info/gnd/4181724-2</subfield>
<subfield code="0">(DE-101)041817249</subfield>
<subfield code="a">Soester Fehde</subfield>
<subfield code="9">rswk-swf</subfield>
<subfield code="2">gnd</subfield>
</datafield>
<datafield ind1=" " ind2="7" tag="655">
<subfield code="0">(DE-588)4135952-5</subfield>
<subfield code="0">https://d-nb.info/gnd/4135952-5</subfield>
<subfield code="0">(DE-101)041359526</subfield>
<subfield code="a">Quelle</subfield>
<subfield code="2">gnd-content</subfield>
</datafield>
<datafield ind1=" " ind2="7" tag="655">
<subfield code="a">Quelle</subfield>
<subfield code="9">rswk-swf</subfield>
<subfield code="2">gnd</subfield>
</datafield>
<datafield ind1="0" ind2="0" tag="689">
<subfield code="0">(DE-588)4181724-2</subfield>
<subfield code="0">https://d-nb.info/gnd/4181724-2</subfield>
<subfield code="0">(DE-101)041817249</subfield>
<subfield code="D">s</subfield>
<subfield code="a">Soester Fehde</subfield>
</datafield>
<datafield ind1="0" ind2="1" tag="689">
<subfield code="A">z</subfield>
<subfield code="a">Geschichte</subfield>
</datafield>
<datafield ind1="0" ind2="2" tag="689">
<subfield code="A">f</subfield>
<subfield code="a">Quelle</subfield>
</datafield>
<datafield ind1="0" ind2=" " tag="689">
<subfield code="5">DE-101</subfield>
<subfield code="5">DE-101</subfield>
</datafield>
<datafield ind1="2" ind2=" " tag="810">
<subfield code="a">Stadtarchiv und Wissenschaftliche Stadtbibliothek Soest</subfield>
<subfield code="4">aut</subfield>
<subfield code="t">Veröffentlichungen des Stadtarchivs Soest</subfield>
<subfield code="v">H. 20</subfield>
<subfield code="w">(DE-101)025884824</subfield>
<subfield code="w">(DE-600)2142953-4</subfield>
<subfield code="9">220</subfield>
<subfield code="7">as</subfield>
</datafield>
<datafield ind1=" " ind2=" " tag="850">
<subfield code="a">DE-101a</subfield>
<subfield code="a">DE-101b</subfield>
</datafield>
<datafield ind1="2" ind2=" " tag="883">
<subfield code="8">1\p</subfield>
<subfield code="a">dnb</subfield>
<subfield code="d">20200614</subfield>
<subfield code="q">DE-101</subfield>
<subfield code="u">https://d-nb.info/provenance/plan#dnb</subfield>
</datafield>
<datafield ind1="r" ind2=" " tag="925">
<subfield code="a">rb</subfield>
</datafield>
</record>