<record type="Bibliographic" xmlns="http://www.loc.gov/MARC21/slim">
<leader>00000nam a2200000 c 4500</leader>
<controlfield tag="001">951636049</controlfield>
<controlfield tag="003">DE-101</controlfield>
<controlfield tag="005">20190122102740.0</controlfield>
<controlfield tag="007">tu</controlfield>
<controlfield tag="008">971002s1997    gw ||||| m||| 00||||ger  </controlfield>
<datafield ind1=" " ind2=" " tag="015">
<subfield code="a">97,A46,1257</subfield>
<subfield code="2">dnb</subfield>
</datafield>
<datafield ind1="7" ind2=" " tag="016">
<subfield code="2">DE-101</subfield>
<subfield code="a">951636049</subfield>
</datafield>
<datafield ind1=" " ind2=" " tag="020">
<subfield code="a">9783874528856</subfield>
<subfield code="c">kart. : DM 88.00</subfield>
<subfield code="9">978-3-87452-885-6</subfield>
</datafield>
<datafield ind1=" " ind2=" " tag="020">
<subfield code="a">3874528855</subfield>
<subfield code="c">kart. : DM 88.00</subfield>
<subfield code="9">3-87452-885-5</subfield>
</datafield>
<datafield ind1=" " ind2=" " tag="035">
<subfield code="a">(DE-599)DNB951636049</subfield>
</datafield>
<datafield ind1=" " ind2=" " tag="035">
<subfield code="a">(OCoLC)723015891</subfield>
</datafield>
<datafield ind1=" " ind2=" " tag="040">
<subfield code="a">1240</subfield>
<subfield code="b">ger</subfield>
<subfield code="c">DE-101</subfield>
<subfield code="d">9999</subfield>
</datafield>
<datafield ind1=" " ind2=" " tag="041">
<subfield code="a">ger</subfield>
</datafield>
<datafield ind1=" " ind2=" " tag="043">
<subfield code="c">XA-DE</subfield>
<subfield code="c">XA-DE</subfield>
</datafield>
<datafield ind1=" " ind2=" " tag="044">
<subfield code="c">XA-DE</subfield>
</datafield>
<datafield ind1=" " ind2=" " tag="084">
<subfield code="a">53</subfield>
<subfield code="a">430</subfield>
<subfield code="a">830</subfield>
<subfield code="q">DE-101</subfield>
<subfield code="2">sdnb</subfield>
</datafield>
<datafield ind1=" " ind2=" " tag="084">
<subfield code="a">12.2a</subfield>
<subfield code="a">12.4</subfield>
<subfield code="a">12.2a</subfield>
<subfield code="a">12.4</subfield>
<subfield code="q">DE-101</subfield>
<subfield code="2">sswd</subfield>
</datafield>
<datafield ind1="1" ind2=" " tag="100">
<subfield code="8">1\p</subfield>
<subfield code="a">Holzhauer, Antje</subfield>
<subfield code="e">Verfasser</subfield>
<subfield code="4">aut</subfield>
</datafield>
<datafield ind1="1" ind2="0" tag="245">
<subfield code="a">Rache und Fehde in der mittelhochdeutschen Literatur des 12. und 13. Jahrhunderts</subfield>
<subfield code="c">von Antje Holzhauer</subfield>
</datafield>
<datafield ind1=" " ind2="1" tag="264">
<subfield code="a">Göppingen</subfield>
<subfield code="b">Kümmerle</subfield>
<subfield code="c">1997</subfield>
</datafield>
<datafield ind1=" " ind2=" " tag="300">
<subfield code="a">361 S.</subfield>
<subfield code="c">21 cm</subfield>
</datafield>
<datafield ind1=" " ind2=" " tag="336">
<subfield code="a">Text</subfield>
<subfield code="b">txt</subfield>
<subfield code="2">rdacontent</subfield>
</datafield>
<datafield ind1=" " ind2=" " tag="337">
<subfield code="a">ohne Hilfsmittel zu benutzen</subfield>
<subfield code="b">n</subfield>
<subfield code="2">rdamedia</subfield>
</datafield>
<datafield ind1=" " ind2=" " tag="338">
<subfield code="a">Band</subfield>
<subfield code="b">nc</subfield>
<subfield code="2">rdacarrier</subfield>
</datafield>
<datafield ind1="1" ind2=" " tag="490">
<subfield code="a">Göppinger Arbeiten zur Germanistik</subfield>
<subfield code="v">Nr. 639</subfield>
</datafield>
<datafield ind1=" " ind2=" " tag="502">
<subfield code="a">Zugl.: Gießen, Univ., Diss., 1996</subfield>
</datafield>
<datafield ind1=" " ind2="7" tag="648">
<subfield code="a">Geschichte 1100-1130</subfield>
<subfield code="9">rswk-swf</subfield>
<subfield code="2">gnd</subfield>
</datafield>
<datafield ind1=" " ind2="7" tag="648">
<subfield code="a">Geschichte 1100-1130</subfield>
<subfield code="9">rswk-swf</subfield>
<subfield code="2">gnd</subfield>
</datafield>
<datafield ind1=" " ind2="7" tag="650">
<subfield code="0">(DE-588)4039687-3</subfield>
<subfield code="0">https://d-nb.info/gnd/4039687-3</subfield>
<subfield code="0">(DE-101)040396878</subfield>
<subfield code="a">Mittelhochdeutsch</subfield>
<subfield code="9">rswk-swf</subfield>
<subfield code="2">gnd</subfield>
</datafield>
<datafield ind1=" " ind2="7" tag="650">
<subfield code="0">(DE-588)4025340-5</subfield>
<subfield code="0">https://d-nb.info/gnd/4025340-5</subfield>
<subfield code="0">(DE-101)040253406</subfield>
<subfield code="a">Höfische Literatur</subfield>
<subfield code="9">rswk-swf</subfield>
<subfield code="2">gnd</subfield>
</datafield>
<datafield ind1=" " ind2="7" tag="650">
<subfield code="0">(DE-588)4224342-7</subfield>
<subfield code="0">https://d-nb.info/gnd/4224342-7</subfield>
<subfield code="0">(DE-101)042243424</subfield>
<subfield code="a">Rache</subfield>
<subfield code="g">Motiv</subfield>
<subfield code="9">rswk-swf</subfield>
<subfield code="2">gnd</subfield>
</datafield>
<datafield ind1=" " ind2="7" tag="650">
<subfield code="0">(DE-588)4039687-3</subfield>
<subfield code="0">https://d-nb.info/gnd/4039687-3</subfield>
<subfield code="0">(DE-101)040396878</subfield>
<subfield code="a">Mittelhochdeutsch</subfield>
<subfield code="9">rswk-swf</subfield>
<subfield code="2">gnd</subfield>
</datafield>
<datafield ind1=" " ind2="7" tag="650">
<subfield code="0">(DE-588)4025340-5</subfield>
<subfield code="0">https://d-nb.info/gnd/4025340-5</subfield>
<subfield code="0">(DE-101)040253406</subfield>
<subfield code="a">Höfische Literatur</subfield>
<subfield code="9">rswk-swf</subfield>
<subfield code="2">gnd</subfield>
</datafield>
<datafield ind1=" " ind2="7" tag="650">
<subfield code="0">(DE-588)4473651-4</subfield>
<subfield code="0">https://d-nb.info/gnd/4473651-4</subfield>
<subfield code="0">(DE-101)951694855</subfield>
<subfield code="a">Fehde</subfield>
<subfield code="g">Motiv</subfield>
<subfield code="9">rswk-swf</subfield>
<subfield code="2">gnd</subfield>
</datafield>
<datafield ind1=" " ind2="7" tag="655">
<subfield code="0">(DE-588)4113937-9</subfield>
<subfield code="0">https://d-nb.info/gnd/4113937-9</subfield>
<subfield code="0">(DE-101)041139372</subfield>
<subfield code="a">Hochschulschrift</subfield>
<subfield code="2">gnd-content</subfield>
</datafield>
<datafield ind1="0" ind2="0" tag="689">
<subfield code="0">(DE-588)4039687-3</subfield>
<subfield code="0">https://d-nb.info/gnd/4039687-3</subfield>
<subfield code="0">(DE-101)040396878</subfield>
<subfield code="D">s</subfield>
<subfield code="a">Mittelhochdeutsch</subfield>
</datafield>
<datafield ind1="0" ind2="1" tag="689">
<subfield code="0">(DE-588)4025340-5</subfield>
<subfield code="0">https://d-nb.info/gnd/4025340-5</subfield>
<subfield code="0">(DE-101)040253406</subfield>
<subfield code="D">s</subfield>
<subfield code="a">Höfische Literatur</subfield>
</datafield>
<datafield ind1="0" ind2="2" tag="689">
<subfield code="0">(DE-588)4224342-7</subfield>
<subfield code="0">https://d-nb.info/gnd/4224342-7</subfield>
<subfield code="0">(DE-101)042243424</subfield>
<subfield code="D">s</subfield>
<subfield code="a">Rache</subfield>
<subfield code="g">Motiv</subfield>
</datafield>
<datafield ind1="0" ind2="3" tag="689">
<subfield code="A">z</subfield>
<subfield code="a">Geschichte 1100-1130</subfield>
</datafield>
<datafield ind1="0" ind2=" " tag="689">
<subfield code="5">DE-101</subfield>
<subfield code="5">DE-101</subfield>
</datafield>
<datafield ind1="1" ind2="0" tag="689">
<subfield code="0">(DE-588)4039687-3</subfield>
<subfield code="0">https://d-nb.info/gnd/4039687-3</subfield>
<subfield code="0">(DE-101)040396878</subfield>
<subfield code="D">s</subfield>
<subfield code="a">Mittelhochdeutsch</subfield>
</datafield>
<datafield ind1="1" ind2="1" tag="689">
<subfield code="0">(DE-588)4025340-5</subfield>
<subfield code="0">https://d-nb.info/gnd/4025340-5</subfield>
<subfield code="0">(DE-101)040253406</subfield>
<subfield code="D">s</subfield>
<subfield code="a">Höfische Literatur</subfield>
</datafield>
<datafield ind1="1" ind2="2" tag="689">
<subfield code="0">(DE-588)4473651-4</subfield>
<subfield code="0">https://d-nb.info/gnd/4473651-4</subfield>
<subfield code="0">(DE-101)951694855</subfield>
<subfield code="D">s</subfield>
<subfield code="a">Fehde</subfield>
<subfield code="g">Motiv</subfield>
</datafield>
<datafield ind1="1" ind2="3" tag="689">
<subfield code="A">z</subfield>
<subfield code="a">Geschichte 1100-1130</subfield>
</datafield>
<datafield ind1="1" ind2=" " tag="689">
<subfield code="5">DE-101</subfield>
<subfield code="5">DE-101</subfield>
</datafield>
<datafield ind1=" " ind2="0" tag="830">
<subfield code="a">Göppinger Arbeiten zur Germanistik</subfield>
<subfield code="v">Nr. 639</subfield>
<subfield code="w">(DE-101)012631655</subfield>
<subfield code="w">(DE-600)503202-7</subfield>
<subfield code="9">3639</subfield>
<subfield code="7">as</subfield>
</datafield>
<datafield ind1=" " ind2=" " tag="850">
<subfield code="a">DE-101a</subfield>
<subfield code="a">DE-101b</subfield>
</datafield>
<datafield ind1="4" ind2="2" tag="856">
<subfield code="m">V:DE-604</subfield>
<subfield code="q">application/pdf</subfield>
<subfield code="u">https://d-nb.info/951636049/04</subfield>
<subfield code="3">Inhaltsverzeichnis</subfield>
</datafield>
<datafield ind1="2" ind2=" " tag="883">
<subfield code="8">1\p</subfield>
<subfield code="a">dnb</subfield>
<subfield code="d">20200614</subfield>
<subfield code="q">DE-101</subfield>
<subfield code="u">https://d-nb.info/provenance/plan#dnb</subfield>
</datafield>
<datafield ind1="r" ind2=" " tag="925">
<subfield code="a">ra</subfield>
</datafield>
</record>