<record type="Bibliographic" xmlns="http://www.loc.gov/MARC21/slim">
<leader>00000pam a2200000 c 4500</leader>
<controlfield tag="001">949287334</controlfield>
<controlfield tag="003">DE-101</controlfield>
<controlfield tag="005">20190122102314.0</controlfield>
<controlfield tag="007">tu</controlfield>
<controlfield tag="008">961209s1997    gw ||||| |||| 00||||ger  </controlfield>
<datafield ind1=" " ind2=" " tag="015">
<subfield code="a">97,A34,1411</subfield>
<subfield code="z">97,N11,0743</subfield>
<subfield code="2">dnb</subfield>
</datafield>
<datafield ind1="7" ind2=" " tag="016">
<subfield code="2">DE-101</subfield>
<subfield code="a">949287334</subfield>
</datafield>
<datafield ind1=" " ind2=" " tag="020">
<subfield code="a">9783896780386</subfield>
<subfield code="c">Gb. : DM 68.00, sfr 62.00, S 496.00</subfield>
<subfield code="9">978-3-89678-038-6</subfield>
</datafield>
<datafield ind1=" " ind2=" " tag="020">
<subfield code="a">3896780387</subfield>
<subfield code="c">Gb. : DM 68.00, sfr 62.00, S 496.00</subfield>
<subfield code="9">3-89678-038-7</subfield>
</datafield>
<datafield ind1=" " ind2=" " tag="035">
<subfield code="a">(DE-599)DNB949287334</subfield>
</datafield>
<datafield ind1=" " ind2=" " tag="035">
<subfield code="a">(OCoLC)610772801</subfield>
</datafield>
<datafield ind1=" " ind2=" " tag="040">
<subfield code="a">1240</subfield>
<subfield code="b">ger</subfield>
<subfield code="c">DE-101</subfield>
<subfield code="d">9999</subfield>
</datafield>
<datafield ind1=" " ind2=" " tag="041">
<subfield code="a">ger</subfield>
</datafield>
<datafield ind1=" " ind2=" " tag="044">
<subfield code="c">XA-DE</subfield>
</datafield>
<datafield ind1=" " ind2=" " tag="084">
<subfield code="a">63</subfield>
<subfield code="a">64</subfield>
<subfield code="a">900</subfield>
<subfield code="a">920</subfield>
<subfield code="a">930</subfield>
<subfield code="a">940</subfield>
<subfield code="a">943</subfield>
<subfield code="a">950</subfield>
<subfield code="a">960</subfield>
<subfield code="a">970</subfield>
<subfield code="a">980</subfield>
<subfield code="a">990</subfield>
<subfield code="q">DE-101</subfield>
<subfield code="2">sdnb</subfield>
</datafield>
<datafield ind1=" " ind2=" " tag="084">
<subfield code="a">16.5</subfield>
<subfield code="a">9.3c</subfield>
<subfield code="a">9.1b</subfield>
<subfield code="a">7.2b</subfield>
<subfield code="a">7.6a</subfield>
<subfield code="q">DE-101</subfield>
<subfield code="2">sswd</subfield>
</datafield>
<datafield ind1=" " ind2=" " tag="090">
<subfield code="a">b</subfield>
</datafield>
<datafield ind1="1" ind2=" " tag="100">
<subfield code="0">(DE-588)115513205</subfield>
<subfield code="0">https://d-nb.info/gnd/115513205</subfield>
<subfield code="0">(DE-101)115513205</subfield>
<subfield code="a">Althoff, Gerd</subfield>
<subfield code="d">1943-</subfield>
<subfield code="e">Verfasser</subfield>
<subfield code="4">aut</subfield>
<subfield code="2">gnd</subfield>
</datafield>
<datafield ind1="1" ind2="0" tag="245">
<subfield code="a">Spielregeln der Politik im Mittelalter</subfield>
<subfield code="b">Kommunikation in Frieden und Fehde</subfield>
<subfield code="c">Gerd Althoff</subfield>
</datafield>
<datafield ind1=" " ind2="1" tag="264">
<subfield code="a">Darmstadt</subfield>
<subfield code="b">Primus-Verl.</subfield>
<subfield code="c">1997</subfield>
</datafield>
<datafield ind1=" " ind2=" " tag="300">
<subfield code="a">IX, 360 S.</subfield>
<subfield code="b">Ill.</subfield>
<subfield code="c">22 cm</subfield>
</datafield>
<datafield ind1=" " ind2=" " tag="336">
<subfield code="a">Text</subfield>
<subfield code="b">txt</subfield>
<subfield code="2">rdacontent</subfield>
</datafield>
<datafield ind1=" " ind2=" " tag="337">
<subfield code="a">ohne Hilfsmittel zu benutzen</subfield>
<subfield code="b">n</subfield>
<subfield code="2">rdamedia</subfield>
</datafield>
<datafield ind1=" " ind2=" " tag="338">
<subfield code="a">Band</subfield>
<subfield code="b">nc</subfield>
<subfield code="2">rdacarrier</subfield>
</datafield>
<datafield ind1=" " ind2=" " tag="500">
<subfield code="a">Lizenz der Wiss. Buchges., Darmstadt. - Literaturverz. S. 314 - 347</subfield>
</datafield>
<datafield ind1=" " ind2="7" tag="648">
<subfield code="a">Geschichte 500-1500</subfield>
<subfield code="9">rswk-swf</subfield>
<subfield code="2">gnd</subfield>
</datafield>
<datafield ind1=" " ind2="7" tag="650">
<subfield code="0">(DE-588)4276243-1</subfield>
<subfield code="0">https://d-nb.info/gnd/4276243-1</subfield>
<subfield code="0">(DE-101)04276243X</subfield>
<subfield code="a">Öffentliche Ordnung</subfield>
<subfield code="9">rswk-swf</subfield>
<subfield code="2">gnd</subfield>
</datafield>
<datafield ind1=" " ind2="7" tag="650">
<subfield code="0">(DE-588)4164958-8</subfield>
<subfield code="0">https://d-nb.info/gnd/4164958-8</subfield>
<subfield code="0">(DE-101)041649583</subfield>
<subfield code="a">Konfliktregelung</subfield>
<subfield code="9">rswk-swf</subfield>
<subfield code="2">gnd</subfield>
</datafield>
<datafield ind1="0" ind2="0" tag="689">
<subfield code="0">(DE-588)4276243-1</subfield>
<subfield code="0">https://d-nb.info/gnd/4276243-1</subfield>
<subfield code="0">(DE-101)04276243X</subfield>
<subfield code="D">s</subfield>
<subfield code="a">Öffentliche Ordnung</subfield>
</datafield>
<datafield ind1="0" ind2="1" tag="689">
<subfield code="0">(DE-588)4164958-8</subfield>
<subfield code="0">https://d-nb.info/gnd/4164958-8</subfield>
<subfield code="0">(DE-101)041649583</subfield>
<subfield code="D">s</subfield>
<subfield code="a">Konfliktregelung</subfield>
</datafield>
<datafield ind1="0" ind2="2" tag="689">
<subfield code="A">z</subfield>
<subfield code="a">Geschichte 500-1500</subfield>
</datafield>
<datafield ind1="0" ind2=" " tag="689">
<subfield code="5">DE-101</subfield>
<subfield code="5">DE-101</subfield>
</datafield>
<datafield ind1=" " ind2=" " tag="850">
<subfield code="a">DE-101a</subfield>
<subfield code="a">DE-101b</subfield>
</datafield>
<datafield ind1="4" ind2="2" tag="856">
<subfield code="m">V:DE-604</subfield>
<subfield code="q">application/pdf</subfield>
<subfield code="u">https://d-nb.info/949287334/04</subfield>
<subfield code="3">Inhaltsverzeichnis</subfield>
</datafield>
<datafield ind1="r" ind2=" " tag="925">
<subfield code="a">ra</subfield>
</datafield>
</record>