<record type="Bibliographic" xmlns="http://www.loc.gov/MARC21/slim">
<leader>00000nam a2200000 c 4500</leader>
<controlfield tag="001">950085596</controlfield>
<controlfield tag="003">DE-101</controlfield>
<controlfield tag="005">20240602094450.0</controlfield>
<controlfield tag="007">tu</controlfield>
<controlfield tag="008">970325s1997    gw ||||| |||| 00||||ger  </controlfield>
<datafield ind1=" " ind2=" " tag="015">
<subfield code="a">97,A34,1412</subfield>
<subfield code="2">dnb</subfield>
</datafield>
<datafield ind1="7" ind2=" " tag="016">
<subfield code="2">DE-101</subfield>
<subfield code="a">950085596</subfield>
</datafield>
<datafield ind1=" " ind2=" " tag="020">
<subfield code="c">(nur für Mitglieder)</subfield>
</datafield>
<datafield ind1=" " ind2=" " tag="035">
<subfield code="a">(DE-599)DNB950085596</subfield>
</datafield>
<datafield ind1=" " ind2=" " tag="035">
<subfield code="a">(OCoLC)231700867</subfield>
</datafield>
<datafield ind1=" " ind2=" " tag="040">
<subfield code="a">1240</subfield>
<subfield code="b">ger</subfield>
<subfield code="c">DE-101</subfield>
<subfield code="d">0292</subfield>
</datafield>
<datafield ind1=" " ind2=" " tag="041">
<subfield code="a">ger</subfield>
</datafield>
<datafield ind1=" " ind2=" " tag="044">
<subfield code="c">XA-DE</subfield>
</datafield>
<datafield ind1=" " ind2=" " tag="084">
<subfield code="a">63</subfield>
<subfield code="a">64</subfield>
<subfield code="a">900</subfield>
<subfield code="a">920</subfield>
<subfield code="a">930</subfield>
<subfield code="a">940</subfield>
<subfield code="a">943</subfield>
<subfield code="a">950</subfield>
<subfield code="a">960</subfield>
<subfield code="a">970</subfield>
<subfield code="a">980</subfield>
<subfield code="a">990</subfield>
<subfield code="q">DE-101</subfield>
<subfield code="2">sdnb</subfield>
</datafield>
<datafield ind1=" " ind2=" " tag="084">
<subfield code="a">16.5</subfield>
<subfield code="a">9.3c</subfield>
<subfield code="a">9.1b</subfield>
<subfield code="a">7.2b</subfield>
<subfield code="a">7.6a</subfield>
<subfield code="q">DE-101</subfield>
<subfield code="2">sswd</subfield>
</datafield>
<datafield ind1=" " ind2=" " tag="090">
<subfield code="a">b</subfield>
</datafield>
<datafield ind1="1" ind2=" " tag="100">
<subfield code="0">(DE-588)115513205</subfield>
<subfield code="0">https://d-nb.info/gnd/115513205</subfield>
<subfield code="0">(DE-101)115513205</subfield>
<subfield code="a">Althoff, Gerd</subfield>
<subfield code="d">1943-</subfield>
<subfield code="e">Verfasser</subfield>
<subfield code="4">aut</subfield>
<subfield code="2">gnd</subfield>
</datafield>
<datafield ind1="1" ind2="0" tag="245">
<subfield code="a">Spielregeln der Politik im Mittelalter</subfield>
<subfield code="b">Kommunikation in Frieden und Fehde</subfield>
<subfield code="c">Gerd Althoff</subfield>
</datafield>
<datafield ind1=" " ind2="1" tag="264">
<subfield code="a">Darmstadt</subfield>
<subfield code="b">Wiss. Buchges.</subfield>
<subfield code="c">1997</subfield>
</datafield>
<datafield ind1=" " ind2=" " tag="300">
<subfield code="a">VIII, 360 S.</subfield>
<subfield code="b">Ill.</subfield>
<subfield code="c">23 cm</subfield>
</datafield>
<datafield ind1=" " ind2=" " tag="336">
<subfield code="a">Text</subfield>
<subfield code="b">txt</subfield>
<subfield code="2">rdacontent</subfield>
</datafield>
<datafield ind1=" " ind2=" " tag="337">
<subfield code="a">ohne Hilfsmittel zu benutzen</subfield>
<subfield code="b">n</subfield>
<subfield code="2">rdamedia</subfield>
</datafield>
<datafield ind1=" " ind2=" " tag="338">
<subfield code="a">Band</subfield>
<subfield code="b">nc</subfield>
<subfield code="2">rdacarrier</subfield>
</datafield>
<datafield ind1=" " ind2=" " tag="500">
<subfield code="a">Literaturverz. S. 314 - 347</subfield>
</datafield>
<datafield ind1=" " ind2="7" tag="648">
<subfield code="a">Geschichte 500-1500</subfield>
<subfield code="9">rswk-swf</subfield>
<subfield code="2">gnd</subfield>
</datafield>
<datafield ind1=" " ind2="7" tag="650">
<subfield code="0">(DE-588)4276243-1</subfield>
<subfield code="0">https://d-nb.info/gnd/4276243-1</subfield>
<subfield code="0">(DE-101)04276243X</subfield>
<subfield code="a">Öffentliche Ordnung</subfield>
<subfield code="9">rswk-swf</subfield>
<subfield code="2">gnd</subfield>
</datafield>
<datafield ind1=" " ind2="7" tag="650">
<subfield code="0">(DE-588)4164958-8</subfield>
<subfield code="0">https://d-nb.info/gnd/4164958-8</subfield>
<subfield code="0">(DE-101)041649583</subfield>
<subfield code="a">Konfliktregelung</subfield>
<subfield code="9">rswk-swf</subfield>
<subfield code="2">gnd</subfield>
</datafield>
<datafield ind1="0" ind2="0" tag="689">
<subfield code="0">(DE-588)4276243-1</subfield>
<subfield code="0">https://d-nb.info/gnd/4276243-1</subfield>
<subfield code="0">(DE-101)04276243X</subfield>
<subfield code="D">s</subfield>
<subfield code="a">Öffentliche Ordnung</subfield>
</datafield>
<datafield ind1="0" ind2="1" tag="689">
<subfield code="0">(DE-588)4164958-8</subfield>
<subfield code="0">https://d-nb.info/gnd/4164958-8</subfield>
<subfield code="0">(DE-101)041649583</subfield>
<subfield code="D">s</subfield>
<subfield code="a">Konfliktregelung</subfield>
</datafield>
<datafield ind1="0" ind2="2" tag="689">
<subfield code="A">z</subfield>
<subfield code="a">Geschichte 500-1500</subfield>
</datafield>
<datafield ind1="0" ind2=" " tag="689">
<subfield code="5">DE-101</subfield>
<subfield code="5">DE-101</subfield>
</datafield>
<datafield ind1=" " ind2=" " tag="850">
<subfield code="a">DE-101a</subfield>
<subfield code="a">DE-101b</subfield>
</datafield>
<datafield ind1="4" ind2="2" tag="856">
<subfield code="m">B:DE-101</subfield>
<subfield code="q">application/pdf</subfield>
<subfield code="u">https://d-nb.info/950085596/04</subfield>
<subfield code="3">Inhaltsverzeichnis</subfield>
</datafield>
<datafield ind1="r" ind2=" " tag="925">
<subfield code="a">ra</subfield>
</datafield>
</record>