<record type="Bibliographic" xmlns="http://www.loc.gov/MARC21/slim">
<leader>00000pam a2200000 c 4500</leader>
<controlfield tag="001">945215347</controlfield>
<controlfield tag="003">DE-101</controlfield>
<controlfield tag="005">20171202221311.0</controlfield>
<controlfield tag="007">tu</controlfield>
<controlfield tag="008">950807s1995    gw ||||| m||| 00||||ger  </controlfield>
<datafield ind1=" " ind2=" " tag="015">
<subfield code="a">96,A31,1702</subfield>
<subfield code="z">95,N36,0836</subfield>
<subfield code="2">dnb</subfield>
</datafield>
<datafield ind1="7" ind2=" " tag="016">
<subfield code="2">DE-101</subfield>
<subfield code="a">945215347</subfield>
</datafield>
<datafield ind1=" " ind2=" " tag="020">
<subfield code="a">9783906755441</subfield>
<subfield code="c">kart. : sfr 78.00</subfield>
<subfield code="9">978-3-906755-44-1</subfield>
</datafield>
<datafield ind1=" " ind2=" " tag="020">
<subfield code="a">3906755444</subfield>
<subfield code="c">kart. : sfr 78.00</subfield>
<subfield code="9">3-906755-44-4</subfield>
</datafield>
<datafield ind1=" " ind2=" " tag="035">
<subfield code="a">(DE-599)DNB945215347</subfield>
</datafield>
<datafield ind1=" " ind2=" " tag="035">
<subfield code="a">(OCoLC)884480400</subfield>
</datafield>
<datafield ind1=" " ind2=" " tag="035">
<subfield code="a">(OCoLC)722676764</subfield>
</datafield>
<datafield ind1=" " ind2=" " tag="040">
<subfield code="a">1140</subfield>
<subfield code="b">ger</subfield>
<subfield code="c">DE-101</subfield>
<subfield code="d">9999</subfield>
</datafield>
<datafield ind1=" " ind2=" " tag="041">
<subfield code="a">ger</subfield>
</datafield>
<datafield ind1=" " ind2=" " tag="043">
<subfield code="c">XA-CH</subfield>
</datafield>
<datafield ind1=" " ind2=" " tag="044">
<subfield code="c">XA-DE</subfield>
</datafield>
<datafield ind1=" " ind2=" " tag="084">
<subfield code="a">63</subfield>
<subfield code="a">19</subfield>
<subfield code="a">900</subfield>
<subfield code="a">920</subfield>
<subfield code="a">930</subfield>
<subfield code="a">940</subfield>
<subfield code="a">943</subfield>
<subfield code="a">950</subfield>
<subfield code="a">960</subfield>
<subfield code="a">970</subfield>
<subfield code="a">980</subfield>
<subfield code="a">990</subfield>
<subfield code="q">DE-101</subfield>
<subfield code="2">sdnb</subfield>
</datafield>
<datafield ind1=" " ind2=" " tag="084">
<subfield code="a">16.5</subfield>
<subfield code="a">7.2b</subfield>
<subfield code="q">DE-101</subfield>
<subfield code="2">sswd</subfield>
</datafield>
<datafield ind1="1" ind2=" " tag="100">
<subfield code="8">1\p</subfield>
<subfield code="a">Widmer, Andreas</subfield>
<subfield code="e">Verfasser</subfield>
<subfield code="4">aut</subfield>
</datafield>
<datafield ind1="1" ind2="0" tag="245">
<subfield code="a">"Daz ein b°ub die eidgenossen angreif"</subfield>
<subfield code="b">eine Untersuchung zu Fehdewesen und Raubrittertum am Beispiel der Gruber-Fehde (1390 - 1430)</subfield>
<subfield code="c">Andreas Widmer</subfield>
</datafield>
<datafield ind1=" " ind2="1" tag="264">
<subfield code="a">Bern</subfield>
<subfield code="a">Berlin</subfield>
<subfield code="a">Frankfurt a.M.</subfield>
<subfield code="a">New York</subfield>
<subfield code="a">Paris</subfield>
<subfield code="a">Wien</subfield>
<subfield code="b">Lang</subfield>
<subfield code="c">1995</subfield>
</datafield>
<datafield ind1=" " ind2=" " tag="300">
<subfield code="a">415 S.</subfield>
<subfield code="b">graph. Darst., Kt.</subfield>
<subfield code="c">23 cm</subfield>
</datafield>
<datafield ind1=" " ind2=" " tag="336">
<subfield code="a">Text</subfield>
<subfield code="b">txt</subfield>
<subfield code="2">rdacontent</subfield>
</datafield>
<datafield ind1=" " ind2=" " tag="337">
<subfield code="a">ohne Hilfsmittel zu benutzen</subfield>
<subfield code="b">n</subfield>
<subfield code="2">rdamedia</subfield>
</datafield>
<datafield ind1=" " ind2=" " tag="338">
<subfield code="a">Band</subfield>
<subfield code="b">nc</subfield>
<subfield code="2">rdacarrier</subfield>
</datafield>
<datafield ind1="1" ind2=" " tag="490">
<subfield code="a">Geist und Werk der Zeiten</subfield>
<subfield code="v">Nr. 85</subfield>
</datafield>
<datafield ind1=" " ind2=" " tag="502">
<subfield code="a">Zugl.: Zürich, Univ., Diss., 1994/95</subfield>
</datafield>
<datafield ind1=" " ind2="7" tag="648">
<subfield code="a">Geschichte 1390-1430</subfield>
<subfield code="9">rswk-swf</subfield>
<subfield code="2">gnd</subfield>
</datafield>
<datafield ind1=" " ind2="7" tag="650">
<subfield code="0">(DE-588)4192189-6</subfield>
<subfield code="0">https://d-nb.info/gnd/4192189-6</subfield>
<subfield code="0">(DE-101)041921895</subfield>
<subfield code="a">Raubritter</subfield>
<subfield code="9">rswk-swf</subfield>
<subfield code="2">gnd</subfield>
</datafield>
<datafield ind1=" " ind2="7" tag="650">
<subfield code="0">(DE-588)4153827-4</subfield>
<subfield code="0">https://d-nb.info/gnd/4153827-4</subfield>
<subfield code="0">(DE-101)041538277</subfield>
<subfield code="a">Fehde</subfield>
<subfield code="9">rswk-swf</subfield>
<subfield code="2">gnd</subfield>
</datafield>
<datafield ind1=" " ind2="7" tag="651">
<subfield code="0">(DE-588)4053881-3</subfield>
<subfield code="0">https://d-nb.info/gnd/4053881-3</subfield>
<subfield code="0">(DE-101)040538818</subfield>
<subfield code="a">Schweiz</subfield>
<subfield code="9">rswk-swf</subfield>
<subfield code="2">gnd</subfield>
</datafield>
<datafield ind1=" " ind2="7" tag="655">
<subfield code="0">(DE-588)4113937-9</subfield>
<subfield code="0">https://d-nb.info/gnd/4113937-9</subfield>
<subfield code="0">(DE-101)041139372</subfield>
<subfield code="a">Hochschulschrift</subfield>
<subfield code="2">gnd-content</subfield>
</datafield>
<datafield ind1="0" ind2="0" tag="689">
<subfield code="0">(DE-588)4053881-3</subfield>
<subfield code="0">https://d-nb.info/gnd/4053881-3</subfield>
<subfield code="0">(DE-101)040538818</subfield>
<subfield code="D">g</subfield>
<subfield code="a">Schweiz</subfield>
</datafield>
<datafield ind1="0" ind2="1" tag="689">
<subfield code="0">(DE-588)4192189-6</subfield>
<subfield code="0">https://d-nb.info/gnd/4192189-6</subfield>
<subfield code="0">(DE-101)041921895</subfield>
<subfield code="D">s</subfield>
<subfield code="a">Raubritter</subfield>
</datafield>
<datafield ind1="0" ind2="2" tag="689">
<subfield code="0">(DE-588)4153827-4</subfield>
<subfield code="0">https://d-nb.info/gnd/4153827-4</subfield>
<subfield code="0">(DE-101)041538277</subfield>
<subfield code="D">s</subfield>
<subfield code="a">Fehde</subfield>
</datafield>
<datafield ind1="0" ind2="3" tag="689">
<subfield code="A">z</subfield>
<subfield code="a">Geschichte 1390-1430</subfield>
</datafield>
<datafield ind1="0" ind2=" " tag="689">
<subfield code="5">DE-101</subfield>
<subfield code="5">DE-101</subfield>
</datafield>
<datafield ind1=" " ind2="0" tag="830">
<subfield code="a">Geist und Werk der Zeiten</subfield>
<subfield code="v">Nr. 85</subfield>
<subfield code="w">(DE-101)01285011X</subfield>
<subfield code="w">(DE-600)531547-5</subfield>
<subfield code="9">285</subfield>
<subfield code="7">as</subfield>
</datafield>
<datafield ind1=" " ind2=" " tag="850">
<subfield code="a">DE-101a</subfield>
<subfield code="a">DE-101b</subfield>
</datafield>
<datafield ind1="4" ind2="2" tag="856">
<subfield code="m">V:DE-601</subfield>
<subfield code="q">application/pdf</subfield>
<subfield code="u">https://d-nb.info/945215347/04</subfield>
<subfield code="3">Inhaltsverzeichnis</subfield>
</datafield>
<datafield ind1="2" ind2=" " tag="883">
<subfield code="8">1\p</subfield>
<subfield code="a">dnb</subfield>
<subfield code="d">20200613</subfield>
<subfield code="q">DE-101</subfield>
<subfield code="u">https://d-nb.info/provenance/plan#dnb</subfield>
</datafield>
<datafield ind1="r" ind2=" " tag="925">
<subfield code="a">ra</subfield>
</datafield>
</record>