<record type="Bibliographic" xmlns="http://www.loc.gov/MARC21/slim">
<leader>00000nam a2200000 cc4500</leader>
<controlfield tag="001">944864686</controlfield>
<controlfield tag="003">DE-101</controlfield>
<controlfield tag="005">20171202220559.0</controlfield>
<controlfield tag="007">tu</controlfield>
<controlfield tag="008">950711s1995    gw ||||| |||| 00||||ger  </controlfield>
<datafield ind1=" " ind2=" " tag="015">
<subfield code="a">95,A33,1604</subfield>
<subfield code="2">dnb</subfield>
</datafield>
<datafield ind1="7" ind2=" " tag="016">
<subfield code="2">DE-101</subfield>
<subfield code="a">944864686</subfield>
</datafield>
<datafield ind1=" " ind2=" " tag="020">
<subfield code="a">9783453085336</subfield>
<subfield code="c">kart. : DM 12.90, S 95.00</subfield>
<subfield code="9">978-3-453-08533-6</subfield>
</datafield>
<datafield ind1=" " ind2=" " tag="020">
<subfield code="a">3453085337</subfield>
<subfield code="c">kart. : DM 12.90, S 95.00</subfield>
<subfield code="9">3-453-08533-7</subfield>
</datafield>
<datafield ind1=" " ind2=" " tag="035">
<subfield code="a">(DE-599)DNB944864686</subfield>
</datafield>
<datafield ind1=" " ind2=" " tag="035">
<subfield code="a">(OCoLC)722561683</subfield>
</datafield>
<datafield ind1=" " ind2=" " tag="040">
<subfield code="a">1240</subfield>
<subfield code="b">ger</subfield>
<subfield code="c">DE-101</subfield>
<subfield code="d">9999</subfield>
</datafield>
<datafield ind1=" " ind2=" " tag="041">
<subfield code="a">ger</subfield>
</datafield>
<datafield ind1=" " ind2=" " tag="044">
<subfield code="c">XA-DE</subfield>
</datafield>
<datafield ind1="7" ind2="4" tag="082">
<subfield code="a">59</subfield>
<subfield code="q">DE-101</subfield>
<subfield code="2">22sdnb</subfield>
</datafield>
<datafield ind1="1" ind2=" " tag="100">
<subfield code="0">(DE-588)108480348</subfield>
<subfield code="0">https://d-nb.info/gnd/108480348</subfield>
<subfield code="0">(DE-101)108480348</subfield>
<subfield code="a">Bulmer, Kenneth</subfield>
<subfield code="d">1921-2005</subfield>
<subfield code="e">Verfasser</subfield>
<subfield code="4">aut</subfield>
<subfield code="2">gnd</subfield>
</datafield>
<datafield ind1="1" ind2="0" tag="245">
<subfield code="a">... Roman der Saga von Dray Prescot</subfield>
<subfield code="n">48.</subfield>
<subfield code="p">Balintol-Zyklus. - Bd. 5. Die Fehde von Antares : Fantasy / [Übers. aus dem Engl. von Andreas Decker]</subfield>
<subfield code="c">Alan Burt Akers</subfield>
</datafield>
<datafield ind1="1" ind2="3" tag="246">
<subfield code="a">Saga von Dray Prescot</subfield>
</datafield>
<datafield ind1=" " ind2=" " tag="250">
<subfield code="a">Orig.-Ausg.</subfield>
</datafield>
<datafield ind1=" " ind2=" " tag="259">
<subfield code="a">or</subfield>
</datafield>
<datafield ind1="3" ind2="1" tag="264">
<subfield code="a">München</subfield>
<subfield code="b">Heyne</subfield>
<subfield code="c">1995</subfield>
</datafield>
<datafield ind1=" " ind2=" " tag="300">
<subfield code="a">226 S.</subfield>
</datafield>
<datafield ind1=" " ind2=" " tag="336">
<subfield code="a">Text</subfield>
<subfield code="b">txt</subfield>
<subfield code="2">rdacontent</subfield>
</datafield>
<datafield ind1=" " ind2=" " tag="337">
<subfield code="a">ohne Hilfsmittel zu benutzen</subfield>
<subfield code="b">n</subfield>
<subfield code="2">rdamedia</subfield>
</datafield>
<datafield ind1=" " ind2=" " tag="338">
<subfield code="a">Band</subfield>
<subfield code="b">nc</subfield>
<subfield code="2">rdacarrier</subfield>
</datafield>
<datafield ind1="1" ind2=" " tag="490">
<subfield code="a">Heyne-Bücher : 6, Heyne-Science-fiction &amp; Fantasy</subfield>
<subfield code="v">Bd. 5327 : Fantasy</subfield>
</datafield>
<datafield ind1="0" ind2="8" tag="773">
<subfield code="q">248</subfield>
<subfield code="w">(DE-101)551233311</subfield>
</datafield>
<datafield ind1=" " ind2="0" tag="830">
<subfield code="a">Heyne-Bücher / 6</subfield>
<subfield code="n">6</subfield>
<subfield code="p">Heyne-Science-fiction &amp; Fantasy</subfield>
<subfield code="t">Heyne-Bücher</subfield>
<subfield code="v">Bd. 5327 : Fantasy</subfield>
<subfield code="w">(DE-101)01740116X</subfield>
<subfield code="w">(DE-600)1213516-1</subfield>
<subfield code="9">45327</subfield>
<subfield code="7">as</subfield>
</datafield>
<datafield ind1=" " ind2=" " tag="850">
<subfield code="a">DE-101a</subfield>
<subfield code="a">DE-101b</subfield>
</datafield>
<datafield ind1="r" ind2=" " tag="925">
<subfield code="a">ra</subfield>
</datafield>
</record>