<record type="Bibliographic" xmlns="http://www.loc.gov/MARC21/slim">
<leader>00000pam a2200000 c 4500</leader>
<controlfield tag="001">930842553</controlfield>
<controlfield tag="003">DE-101</controlfield>
<controlfield tag="005">20241007085452.0</controlfield>
<controlfield tag="007">tu</controlfield>
<controlfield tag="008">930506s1993    gw ||||| m||| 00||||ger  </controlfield>
<datafield ind1=" " ind2=" " tag="015">
<subfield code="a">93,A39,0860</subfield>
<subfield code="z">93,N21,0588</subfield>
<subfield code="2">dnb</subfield>
</datafield>
<datafield ind1="7" ind2=" " tag="016">
<subfield code="2">DE-101</subfield>
<subfield code="a">930842553</subfield>
</datafield>
<datafield ind1=" " ind2=" " tag="020">
<subfield code="a">9783890857770</subfield>
<subfield code="c">kart. : DM 58.00</subfield>
<subfield code="9">978-3-89085-777-0</subfield>
</datafield>
<datafield ind1=" " ind2=" " tag="020">
<subfield code="a">3890857779</subfield>
<subfield code="c">kart. : DM 58.00</subfield>
<subfield code="9">3-89085-777-9</subfield>
</datafield>
<datafield ind1=" " ind2=" " tag="035">
<subfield code="a">(DE-599)DNB930842553</subfield>
</datafield>
<datafield ind1=" " ind2=" " tag="035">
<subfield code="a">(OCoLC)722039394</subfield>
</datafield>
<datafield ind1=" " ind2=" " tag="040">
<subfield code="a">1200</subfield>
<subfield code="b">ger</subfield>
<subfield code="c">DE-101</subfield>
<subfield code="d">0292</subfield>
</datafield>
<datafield ind1=" " ind2=" " tag="041">
<subfield code="8">1\p</subfield>
<subfield code="a">ger</subfield>
</datafield>
<datafield ind1=" " ind2=" " tag="043">
<subfield code="c">XA-DE-BB</subfield>
</datafield>
<datafield ind1=" " ind2=" " tag="044">
<subfield code="c">XA-DE</subfield>
</datafield>
<datafield ind1=" " ind2=" " tag="084">
<subfield code="a">63</subfield>
<subfield code="a">19</subfield>
<subfield code="a">900</subfield>
<subfield code="a">920</subfield>
<subfield code="a">930</subfield>
<subfield code="a">940</subfield>
<subfield code="a">943</subfield>
<subfield code="a">950</subfield>
<subfield code="a">960</subfield>
<subfield code="a">970</subfield>
<subfield code="a">980</subfield>
<subfield code="a">990</subfield>
<subfield code="q">DE-101</subfield>
<subfield code="2">sdnb</subfield>
</datafield>
<datafield ind1=" " ind2=" " tag="084">
<subfield code="a">16.4b</subfield>
<subfield code="a">8.4</subfield>
<subfield code="q">DE-101</subfield>
<subfield code="2">sswd</subfield>
</datafield>
<datafield ind1="1" ind2=" " tag="100">
<subfield code="8">2\p</subfield>
<subfield code="a">Kaufmann, Manfred</subfield>
<subfield code="e">Verfasser</subfield>
<subfield code="4">aut</subfield>
</datafield>
<datafield ind1="1" ind2="0" tag="245">
<subfield code="a">Fehde und Rechtshilfe</subfield>
<subfield code="b">die Verträge brandenburgischer Landesfürsten zur Bekämpfung des Raubrittertums im 15. und 16. Jahrhundert</subfield>
<subfield code="c">Manfred Kaufmann</subfield>
</datafield>
<datafield ind1=" " ind2="1" tag="264">
<subfield code="a">Pfaffenweiler</subfield>
<subfield code="b">Centaurus-Verl.-Ges.</subfield>
<subfield code="c">1993</subfield>
</datafield>
<datafield ind1=" " ind2=" " tag="300">
<subfield code="a">116 S.</subfield>
<subfield code="c">21 cm</subfield>
</datafield>
<datafield ind1=" " ind2=" " tag="336">
<subfield code="a">Text</subfield>
<subfield code="b">txt</subfield>
<subfield code="2">rdacontent</subfield>
</datafield>
<datafield ind1=" " ind2=" " tag="337">
<subfield code="a">ohne Hilfsmittel zu benutzen</subfield>
<subfield code="b">n</subfield>
<subfield code="2">rdamedia</subfield>
</datafield>
<datafield ind1=" " ind2=" " tag="338">
<subfield code="a">Band</subfield>
<subfield code="b">nc</subfield>
<subfield code="2">rdacarrier</subfield>
</datafield>
<datafield ind1="1" ind2=" " tag="490">
<subfield code="a">Reihe Geschichtswissenschaft</subfield>
<subfield code="v">Bd. 33</subfield>
</datafield>
<datafield ind1=" " ind2=" " tag="502">
<subfield code="a">Zugl.: Freiburg (Breisgau), Univ., Diss., 1992</subfield>
</datafield>
<datafield ind1=" " ind2="7" tag="648">
<subfield code="a">Geschichte 1354-1555</subfield>
<subfield code="9">rswk-swf</subfield>
<subfield code="2">gnd</subfield>
</datafield>
<datafield ind1=" " ind2="7" tag="650">
<subfield code="0">(DE-588)4192189-6</subfield>
<subfield code="0">https://d-nb.info/gnd/4192189-6</subfield>
<subfield code="0">(DE-101)041921895</subfield>
<subfield code="a">Raubritter</subfield>
<subfield code="9">rswk-swf</subfield>
<subfield code="2">gnd</subfield>
</datafield>
<datafield ind1=" " ind2="7" tag="651">
<subfield code="0">(DE-588)4007955-7</subfield>
<subfield code="0">https://d-nb.info/gnd/4007955-7</subfield>
<subfield code="0">(DE-101)040079554</subfield>
<subfield code="a">Brandenburg</subfield>
<subfield code="9">rswk-swf</subfield>
<subfield code="2">gnd</subfield>
</datafield>
<datafield ind1=" " ind2="7" tag="655">
<subfield code="0">(DE-588)4113937-9</subfield>
<subfield code="0">https://d-nb.info/gnd/4113937-9</subfield>
<subfield code="0">(DE-101)041139372</subfield>
<subfield code="a">Hochschulschrift</subfield>
<subfield code="2">gnd-content</subfield>
</datafield>
<datafield ind1="0" ind2="0" tag="689">
<subfield code="0">(DE-588)4007955-7</subfield>
<subfield code="0">https://d-nb.info/gnd/4007955-7</subfield>
<subfield code="0">(DE-101)040079554</subfield>
<subfield code="D">g</subfield>
<subfield code="a">Brandenburg</subfield>
</datafield>
<datafield ind1="0" ind2="1" tag="689">
<subfield code="0">(DE-588)4192189-6</subfield>
<subfield code="0">https://d-nb.info/gnd/4192189-6</subfield>
<subfield code="0">(DE-101)041921895</subfield>
<subfield code="D">s</subfield>
<subfield code="a">Raubritter</subfield>
</datafield>
<datafield ind1="0" ind2="2" tag="689">
<subfield code="A">z</subfield>
<subfield code="a">Geschichte 1354-1555</subfield>
</datafield>
<datafield ind1="0" ind2=" " tag="689">
<subfield code="5">DE-101</subfield>
<subfield code="5">DE-101</subfield>
</datafield>
<datafield ind1=" " ind2="0" tag="830">
<subfield code="a">Reihe Geschichtswissenschaft</subfield>
<subfield code="v">Bd. 33</subfield>
<subfield code="w">(DE-101)016476557</subfield>
<subfield code="w">(DE-600)1118123-0</subfield>
<subfield code="9">233</subfield>
<subfield code="7">as</subfield>
</datafield>
<datafield ind1=" " ind2=" " tag="850">
<subfield code="a">DE-101a</subfield>
<subfield code="a">DE-101b</subfield>
</datafield>
<datafield ind1="4" ind2="2" tag="856">
<subfield code="m">B:DE-101</subfield>
<subfield code="q">application/pdf</subfield>
<subfield code="u">https://d-nb.info/930842553/04</subfield>
<subfield code="3">Inhaltsverzeichnis</subfield>
</datafield>
<datafield ind1="2" ind2=" " tag="883">
<subfield code="8">1\p</subfield>
<subfield code="a">ka003lc</subfield>
<subfield code="d">20200221</subfield>
<subfield code="q">DE-101</subfield>
<subfield code="u">https://d-nb.info/provenance/plan#ka003lc</subfield>
</datafield>
<datafield ind1="2" ind2=" " tag="883">
<subfield code="8">2\p</subfield>
<subfield code="a">dnb</subfield>
<subfield code="d">20200613</subfield>
<subfield code="q">DE-101</subfield>
<subfield code="u">https://d-nb.info/provenance/plan#dnb</subfield>
</datafield>
<datafield ind1="r" ind2=" " tag="925">
<subfield code="a">ra</subfield>
</datafield>
</record>