<record type="Bibliographic" xmlns="http://www.loc.gov/MARC21/slim">
<leader>00000pam a2200000 c 4500</leader>
<controlfield tag="001">920693423</controlfield>
<controlfield tag="003">DE-101</controlfield>
<controlfield tag="005">20241128193540.0</controlfield>
<controlfield tag="007">tu</controlfield>
<controlfield tag="008">920506s1992    gw ||||| m||| 00||||ger  </controlfield>
<datafield ind1=" " ind2=" " tag="015">
<subfield code="a">93,A04,1955</subfield>
<subfield code="z">92,N22,0498</subfield>
<subfield code="2">dnb</subfield>
</datafield>
<datafield ind1="7" ind2=" " tag="016">
<subfield code="2">DE-101</subfield>
<subfield code="a">920693423</subfield>
</datafield>
<datafield ind1=" " ind2=" " tag="020">
<subfield code="a">9783784836607</subfield>
<subfield code="c">kart. : DM 36.00</subfield>
<subfield code="9">978-3-7848-3660-7</subfield>
</datafield>
<datafield ind1=" " ind2=" " tag="020">
<subfield code="a">3784836607</subfield>
<subfield code="c">kart. : DM 36.00</subfield>
<subfield code="9">3-7848-3660-7</subfield>
</datafield>
<datafield ind1=" " ind2=" " tag="035">
<subfield code="a">(DE-599)DNB920693423</subfield>
</datafield>
<datafield ind1=" " ind2=" " tag="035">
<subfield code="a">(OCoLC)258576492</subfield>
</datafield>
<datafield ind1=" " ind2=" " tag="040">
<subfield code="a">1200</subfield>
<subfield code="b">ger</subfield>
<subfield code="c">DE-101</subfield>
<subfield code="d">9999</subfield>
</datafield>
<datafield ind1=" " ind2=" " tag="041">
<subfield code="a">ger</subfield>
</datafield>
<datafield ind1=" " ind2=" " tag="043">
<subfield code="c">XA-DE</subfield>
<subfield code="c">XA-DE-NI</subfield>
</datafield>
<datafield ind1=" " ind2=" " tag="044">
<subfield code="c">XA-DE</subfield>
</datafield>
<datafield ind1=" " ind2=" " tag="084">
<subfield code="a">63</subfield>
<subfield code="a">64</subfield>
<subfield code="a">900</subfield>
<subfield code="a">920</subfield>
<subfield code="a">930</subfield>
<subfield code="a">940</subfield>
<subfield code="a">943</subfield>
<subfield code="a">950</subfield>
<subfield code="a">960</subfield>
<subfield code="a">970</subfield>
<subfield code="a">980</subfield>
<subfield code="a">990</subfield>
<subfield code="q">DE-101</subfield>
<subfield code="2">sdnb</subfield>
</datafield>
<datafield ind1=" " ind2=" " tag="084">
<subfield code="a">8.4</subfield>
<subfield code="a">16.5</subfield>
<subfield code="q">DE-101</subfield>
<subfield code="2">sswd</subfield>
</datafield>
<datafield ind1="1" ind2=" " tag="100">
<subfield code="8">1\p</subfield>
<subfield code="0">(DE-588)1035099926</subfield>
<subfield code="0">https://d-nb.info/gnd/1035099926</subfield>
<subfield code="0">(DE-101)1035099926</subfield>
<subfield code="a">Neitzert, Dieter</subfield>
<subfield code="d">1932-</subfield>
<subfield code="e">Verfasser</subfield>
<subfield code="4">aut</subfield>
<subfield code="2">gnd</subfield>
</datafield>
<datafield ind1="1" ind2="0" tag="245">
<subfield code="a">Die Stadt Göttingen führt eine Fehde 1485/86</subfield>
<subfield code="b">Untersuchung zu einer Sozial- und Wirtschaftsgeschichte von Stadt und Umland</subfield>
<subfield code="c">Dieter Neitzert</subfield>
</datafield>
<datafield ind1=" " ind2="1" tag="264">
<subfield code="a">Hildesheim</subfield>
<subfield code="b">Lax</subfield>
<subfield code="c">1992</subfield>
</datafield>
<datafield ind1=" " ind2=" " tag="300">
<subfield code="a">VII, 175 S.</subfield>
<subfield code="b">graph. Darst.</subfield>
<subfield code="c">23 cm</subfield>
</datafield>
<datafield ind1=" " ind2=" " tag="336">
<subfield code="a">Text</subfield>
<subfield code="b">txt</subfield>
<subfield code="2">rdacontent</subfield>
</datafield>
<datafield ind1=" " ind2=" " tag="337">
<subfield code="a">ohne Hilfsmittel zu benutzen</subfield>
<subfield code="b">n</subfield>
<subfield code="2">rdamedia</subfield>
</datafield>
<datafield ind1=" " ind2=" " tag="338">
<subfield code="a">Band</subfield>
<subfield code="b">nc</subfield>
<subfield code="2">rdacarrier</subfield>
</datafield>
<datafield ind1=" " ind2=" " tag="366">
<subfield code="c">OP 20241128</subfield>
<subfield code="2">onixas</subfield>
</datafield>
<datafield ind1="1" ind2=" " tag="490">
<subfield code="a">Veröffentlichungen des Instituts für Historische Landesforschung der Universität Göttingen</subfield>
<subfield code="v">Bd. 30</subfield>
</datafield>
<datafield ind1=" " ind2=" " tag="502">
<subfield code="a">Zugl.: Göttingen, Univ., Diss., 1991</subfield>
</datafield>
<datafield ind1=" " ind2="7" tag="650">
<subfield code="0">(DE-588)4301120-2</subfield>
<subfield code="0">https://d-nb.info/gnd/4301120-2</subfield>
<subfield code="0">(DE-101)043011209</subfield>
<subfield code="a">Große Fehde</subfield>
<subfield code="9">rswk-swf</subfield>
<subfield code="2">gnd</subfield>
</datafield>
<datafield ind1=" " ind2="7" tag="651">
<subfield code="0">(DE-588)4021477-1</subfield>
<subfield code="0">https://d-nb.info/gnd/4021477-1</subfield>
<subfield code="0">(DE-101)04021477X</subfield>
<subfield code="a">Göttingen</subfield>
<subfield code="9">rswk-swf</subfield>
<subfield code="2">gnd</subfield>
</datafield>
<datafield ind1=" " ind2="7" tag="655">
<subfield code="0">(DE-588)4113937-9</subfield>
<subfield code="0">https://d-nb.info/gnd/4113937-9</subfield>
<subfield code="0">(DE-101)041139372</subfield>
<subfield code="a">Hochschulschrift</subfield>
<subfield code="2">gnd-content</subfield>
</datafield>
<datafield ind1="0" ind2="0" tag="689">
<subfield code="0">(DE-588)4301120-2</subfield>
<subfield code="0">https://d-nb.info/gnd/4301120-2</subfield>
<subfield code="0">(DE-101)043011209</subfield>
<subfield code="D">s</subfield>
<subfield code="a">Große Fehde</subfield>
</datafield>
<datafield ind1="0" ind2="1" tag="689">
<subfield code="0">(DE-588)4021477-1</subfield>
<subfield code="0">https://d-nb.info/gnd/4021477-1</subfield>
<subfield code="0">(DE-101)04021477X</subfield>
<subfield code="D">g</subfield>
<subfield code="a">Göttingen</subfield>
</datafield>
<datafield ind1="0" ind2=" " tag="689">
<subfield code="5">DE-101</subfield>
<subfield code="5">DE-101</subfield>
</datafield>
<datafield ind1="2" ind2=" " tag="810">
<subfield code="a">Georg-August-Universität Göttingen</subfield>
<subfield code="b">Institut für Historische Landesforschung</subfield>
<subfield code="4">aut</subfield>
<subfield code="t">Veröffentlichungen des Instituts für Historische Landesforschung der Universität Göttingen</subfield>
<subfield code="v">Bd. 30</subfield>
<subfield code="w">(DE-101)013119079</subfield>
<subfield code="w">(DE-600)560336-5</subfield>
<subfield code="9">230</subfield>
<subfield code="7">as</subfield>
</datafield>
<datafield ind1=" " ind2=" " tag="850">
<subfield code="a">DE-101a</subfield>
<subfield code="a">DE-101b</subfield>
</datafield>
<datafield ind1="4" ind2="2" tag="856">
<subfield code="m">V:DE-601</subfield>
<subfield code="q">application/pdf</subfield>
<subfield code="u">https://d-nb.info/920693423/04</subfield>
<subfield code="3">Inhaltsverzeichnis</subfield>
</datafield>
<datafield ind1=" " ind2=" " tag="883">
<subfield code="8">1\p</subfield>
<subfield code="a">cgwrk</subfield>
<subfield code="d">20210314</subfield>
<subfield code="q">DE-101</subfield>
<subfield code="u">https://d-nb.info/provenance/plan#cgwrk</subfield>
</datafield>
<datafield ind1="r" ind2=" " tag="925">
<subfield code="a">ra</subfield>
</datafield>
</record>