<record type="Bibliographic" xmlns="http://www.loc.gov/MARC21/slim">
<leader>00000nam a2200000 c 4500</leader>
<controlfield tag="001">870796585</controlfield>
<controlfield tag="003">DE-101</controlfield>
<controlfield tag="005">20230819193719.0</controlfield>
<controlfield tag="007">tu</controlfield>
<controlfield tag="008">870626s1987    gw ||||| |||| 00||||ger  </controlfield>
<datafield ind1=" " ind2=" " tag="015">
<subfield code="a">87,A29,0944</subfield>
<subfield code="2">dnb</subfield>
</datafield>
<datafield ind1="7" ind2=" " tag="016">
<subfield code="2">DE-101</subfield>
<subfield code="a">870796585</subfield>
</datafield>
<datafield ind1=" " ind2=" " tag="020">
<subfield code="a">9783518385081</subfield>
<subfield code="c">kart. : DM 14.00</subfield>
<subfield code="9">978-3-518-38508-1</subfield>
</datafield>
<datafield ind1=" " ind2=" " tag="020">
<subfield code="a">3518385089</subfield>
<subfield code="c">kart. : DM 14.00</subfield>
<subfield code="9">3-518-38508-9</subfield>
</datafield>
<datafield ind1=" " ind2=" " tag="035">
<subfield code="a">(DE-599)DNB870796585</subfield>
</datafield>
<datafield ind1=" " ind2=" " tag="035">
<subfield code="a">(OCoLC)246710757</subfield>
</datafield>
<datafield ind1=" " ind2=" " tag="040">
<subfield code="a">1200</subfield>
<subfield code="b">ger</subfield>
<subfield code="c">DE-101</subfield>
<subfield code="d">9999</subfield>
</datafield>
<datafield ind1=" " ind2=" " tag="041">
<subfield code="a">ger</subfield>
</datafield>
<datafield ind1=" " ind2=" " tag="043">
<subfield code="c">XA-SE</subfield>
</datafield>
<datafield ind1=" " ind2=" " tag="044">
<subfield code="c">XA-DE</subfield>
</datafield>
<datafield ind1=" " ind2=" " tag="084">
<subfield code="a">54</subfield>
<subfield code="a">439</subfield>
<subfield code="a">839</subfield>
<subfield code="q">DE-101</subfield>
<subfield code="2">sdnb</subfield>
</datafield>
<datafield ind1=" " ind2=" " tag="084">
<subfield code="a">12.2p</subfield>
<subfield code="a">12.2a</subfield>
<subfield code="q">DE-101</subfield>
<subfield code="2">sswd</subfield>
</datafield>
<datafield ind1="0" ind2="0" tag="245">
<subfield code="a">Die Strindberg-Fehde</subfield>
<subfield code="c">hrsg. von Klaus von See. [Übers. d. schwed. Texte von Ursula Groll]</subfield>
</datafield>
<datafield ind1=" " ind2=" " tag="250">
<subfield code="a">1. Aufl.</subfield>
</datafield>
<datafield ind1=" " ind2=" " tag="259">
<subfield code="a">11</subfield>
</datafield>
<datafield ind1=" " ind2="1" tag="264">
<subfield code="a">Frankfurt am Main</subfield>
<subfield code="b">Suhrkamp</subfield>
<subfield code="c">1987</subfield>
</datafield>
<datafield ind1=" " ind2=" " tag="300">
<subfield code="a">236 S.</subfield>
<subfield code="b">Ill.</subfield>
<subfield code="c">18 cm</subfield>
</datafield>
<datafield ind1=" " ind2=" " tag="336">
<subfield code="a">Text</subfield>
<subfield code="b">txt</subfield>
<subfield code="2">rdacontent</subfield>
</datafield>
<datafield ind1=" " ind2=" " tag="337">
<subfield code="a">ohne Hilfsmittel zu benutzen</subfield>
<subfield code="b">n</subfield>
<subfield code="2">rdamedia</subfield>
</datafield>
<datafield ind1=" " ind2=" " tag="338">
<subfield code="a">Band</subfield>
<subfield code="b">nc</subfield>
<subfield code="2">rdacarrier</subfield>
</datafield>
<datafield ind1=" " ind2=" " tag="366">
<subfield code="c">OP 20221008</subfield>
<subfield code="2">onixas</subfield>
</datafield>
<datafield ind1="1" ind2=" " tag="490">
<subfield code="a">Suhrkamp Taschenbuch</subfield>
<subfield code="v">2008 : Materialien</subfield>
</datafield>
<datafield ind1="1" ind2="7" tag="600">
<subfield code="0">(DE-588)118619314</subfield>
<subfield code="0">https://d-nb.info/gnd/118619314</subfield>
<subfield code="0">(DE-101)118619314</subfield>
<subfield code="a">Strindberg, August</subfield>
<subfield code="d">1849-1912</subfield>
<subfield code="9">rswk-swf</subfield>
<subfield code="2">gnd</subfield>
</datafield>
<datafield ind1="1" ind2="7" tag="600">
<subfield code="8">1\p</subfield>
<subfield code="0">(DE-588)118619314</subfield>
<subfield code="0">https://d-nb.info/gnd/118619314</subfield>
<subfield code="0">(DE-101)118619314</subfield>
<subfield code="a">Strindberg, August</subfield>
<subfield code="d">1849-1912</subfield>
<subfield code="2">gnd</subfield>
</datafield>
<datafield ind1=" " ind2="7" tag="650">
<subfield code="0">(DE-588)4136738-8</subfield>
<subfield code="0">https://d-nb.info/gnd/4136738-8</subfield>
<subfield code="0">(DE-101)041367383</subfield>
<subfield code="a">Neuromantik</subfield>
<subfield code="9">rswk-swf</subfield>
<subfield code="2">gnd</subfield>
</datafield>
<datafield ind1=" " ind2="7" tag="650">
<subfield code="0">(DE-588)4033229-9</subfield>
<subfield code="0">https://d-nb.info/gnd/4033229-9</subfield>
<subfield code="0">(DE-101)040332292</subfield>
<subfield code="a">Kritik</subfield>
<subfield code="9">rswk-swf</subfield>
<subfield code="2">gnd</subfield>
</datafield>
<datafield ind1=" " ind2="7" tag="650">
<subfield code="a">Strindberg, August</subfield>
<subfield code="2">local</subfield>
</datafield>
<datafield ind1=" " ind2="7" tag="655">
<subfield code="0">(DE-588)4135952-5</subfield>
<subfield code="0">https://d-nb.info/gnd/4135952-5</subfield>
<subfield code="0">(DE-101)041359526</subfield>
<subfield code="a">Quelle</subfield>
<subfield code="2">gnd-content</subfield>
</datafield>
<datafield ind1=" " ind2="7" tag="655">
<subfield code="a">Quelle</subfield>
<subfield code="9">rswk-swf</subfield>
<subfield code="2">gnd</subfield>
</datafield>
<datafield ind1="0" ind2="0" tag="689">
<subfield code="0">(DE-588)118619314</subfield>
<subfield code="0">https://d-nb.info/gnd/118619314</subfield>
<subfield code="0">(DE-101)118619314</subfield>
<subfield code="D">p</subfield>
<subfield code="a">Strindberg, August</subfield>
<subfield code="d">1849-1912</subfield>
</datafield>
<datafield ind1="0" ind2="1" tag="689">
<subfield code="0">(DE-588)4136738-8</subfield>
<subfield code="0">https://d-nb.info/gnd/4136738-8</subfield>
<subfield code="0">(DE-101)041367383</subfield>
<subfield code="D">s</subfield>
<subfield code="a">Neuromantik</subfield>
</datafield>
<datafield ind1="0" ind2="2" tag="689">
<subfield code="0">(DE-588)4033229-9</subfield>
<subfield code="0">https://d-nb.info/gnd/4033229-9</subfield>
<subfield code="0">(DE-101)040332292</subfield>
<subfield code="D">s</subfield>
<subfield code="a">Kritik</subfield>
</datafield>
<datafield ind1="0" ind2="3" tag="689">
<subfield code="A">f</subfield>
<subfield code="a">Quelle</subfield>
</datafield>
<datafield ind1="0" ind2=" " tag="689">
<subfield code="5">DE-101</subfield>
<subfield code="5">DE-101</subfield>
</datafield>
<datafield ind1="1" ind2=" " tag="700">
<subfield code="0">(DE-588)118867962</subfield>
<subfield code="0">https://d-nb.info/gnd/118867962</subfield>
<subfield code="0">(DE-101)118867962</subfield>
<subfield code="a">See, Klaus von</subfield>
<subfield code="d">1927-2013</subfield>
<subfield code="e">Herausgeber</subfield>
<subfield code="4">edt</subfield>
<subfield code="2">gnd</subfield>
</datafield>
<datafield ind1=" " ind2="0" tag="830">
<subfield code="a">Suhrkamp Taschenbuch</subfield>
<subfield code="v">2008 : Materialien</subfield>
<subfield code="w">(DE-101)015103463</subfield>
<subfield code="w">(DE-600)968207-7</subfield>
<subfield code="9">42008</subfield>
<subfield code="7">as</subfield>
</datafield>
<datafield ind1=" " ind2=" " tag="850">
<subfield code="a">DE-101a</subfield>
<subfield code="a">DE-101b</subfield>
</datafield>
<datafield ind1="4" ind2="2" tag="856">
<subfield code="m">V:DE-605</subfield>
<subfield code="q">application/pdf</subfield>
<subfield code="u">https://d-nb.info/870796585/04</subfield>
<subfield code="3">Inhaltsverzeichnis</subfield>
</datafield>
<datafield ind1="1" ind2=" " tag="883">
<subfield code="8">1\p</subfield>
<subfield code="a">kasw</subfield>
<subfield code="c">1,000</subfield>
<subfield code="d">20230819</subfield>
<subfield code="q">DE-101</subfield>
<subfield code="u">https://d-nb.info/provenance/plan#kasw</subfield>
</datafield>
</record>