<record type="Bibliographic" xmlns="http://www.loc.gov/MARC21/slim">
<leader>00000nam a2200000 c 4500</leader>
<controlfield tag="001">870730525</controlfield>
<controlfield tag="003">DE-101</controlfield>
<controlfield tag="005">20171202114509.0</controlfield>
<controlfield tag="007">tu</controlfield>
<controlfield tag="008">870601s1985    gw ||||| |||| 00||||ger  </controlfield>
<datafield ind1=" " ind2=" " tag="015">
<subfield code="a">87,A25,1054</subfield>
<subfield code="2">dnb</subfield>
</datafield>
<datafield ind1="7" ind2=" " tag="016">
<subfield code="2">DE-101</subfield>
<subfield code="a">870730525</subfield>
</datafield>
<datafield ind1=" " ind2=" " tag="020">
<subfield code="a">9783404480340</subfield>
<subfield code="c">kart. : DM 4.80, S 37.50</subfield>
<subfield code="9">978-3-404-48034-0</subfield>
</datafield>
<datafield ind1=" " ind2=" " tag="020">
<subfield code="a">3404480341</subfield>
<subfield code="c">kart. : DM 4.80, S 37.50</subfield>
<subfield code="9">3-404-48034-1</subfield>
</datafield>
<datafield ind1=" " ind2=" " tag="035">
<subfield code="a">(DE-599)DNB870730525</subfield>
</datafield>
<datafield ind1=" " ind2=" " tag="035">
<subfield code="a">(OCoLC)74839364</subfield>
</datafield>
<datafield ind1=" " ind2=" " tag="040">
<subfield code="a">1200</subfield>
<subfield code="b">ger</subfield>
<subfield code="c">DE-101</subfield>
<subfield code="d">9999</subfield>
</datafield>
<datafield ind1=" " ind2=" " tag="041">
<subfield code="a">ger</subfield>
</datafield>
<datafield ind1=" " ind2=" " tag="044">
<subfield code="c">XA-DE</subfield>
</datafield>
<datafield ind1="7" ind2="4" tag="082">
<subfield code="a">830</subfield>
<subfield code="a">B</subfield>
<subfield code="q">DE-101</subfield>
<subfield code="2">22sdnb</subfield>
</datafield>
<datafield ind1="1" ind2=" " tag="100">
<subfield code="0">(DE-588)104621133</subfield>
<subfield code="0">https://d-nb.info/gnd/104621133</subfield>
<subfield code="0">(DE-101)104621133</subfield>
<subfield code="a">Ullman, Robert</subfield>
<subfield code="d">1926-1989</subfield>
<subfield code="e">Verfasser</subfield>
<subfield code="4">aut</subfield>
<subfield code="2">gnd</subfield>
</datafield>
<datafield ind1="1" ind2="0" tag="245">
<subfield code="a">Brasada-Fehde</subfield>
<subfield code="b">Westernroman</subfield>
<subfield code="c">Robert Ullman</subfield>
</datafield>
<datafield ind1=" " ind2=" " tag="250">
<subfield code="a">Dt. Erstveröff.</subfield>
</datafield>
<datafield ind1=" " ind2=" " tag="259">
<subfield code="a">dte</subfield>
</datafield>
<datafield ind1=" " ind2="1" tag="264">
<subfield code="a">Bergisch Gladbach</subfield>
<subfield code="b">Bastei-Verlag Lübbe</subfield>
<subfield code="c">1985</subfield>
</datafield>
<datafield ind1=" " ind2=" " tag="300">
<subfield code="a">154 S.</subfield>
<subfield code="c">18 cm</subfield>
</datafield>
<datafield ind1=" " ind2=" " tag="336">
<subfield code="a">Text</subfield>
<subfield code="b">txt</subfield>
<subfield code="2">rdacontent</subfield>
</datafield>
<datafield ind1=" " ind2=" " tag="337">
<subfield code="a">ohne Hilfsmittel zu benutzen</subfield>
<subfield code="b">n</subfield>
<subfield code="2">rdamedia</subfield>
</datafield>
<datafield ind1=" " ind2=" " tag="338">
<subfield code="a">Band</subfield>
<subfield code="b">nc</subfield>
<subfield code="2">rdacarrier</subfield>
</datafield>
<datafield ind1=" " ind2=" " tag="366">
<subfield code="c">OP 20221008</subfield>
<subfield code="2">onixas</subfield>
</datafield>
<datafield ind1="1" ind2=" " tag="490">
<subfield code="a">Bastei-Lübbe-Taschenbuch</subfield>
<subfield code="v">Bd. 48034 : Robert Ullman</subfield>
</datafield>
<datafield ind1=" " ind2="0" tag="830">
<subfield code="a">Bastei-Lübbe-Taschenbuch</subfield>
<subfield code="v">Bd. 48034 : Robert Ullman</subfield>
<subfield code="w">(DE-101)010434747</subfield>
<subfield code="w">(DE-600)49563-3</subfield>
<subfield code="9">548034</subfield>
<subfield code="7">as</subfield>
</datafield>
<datafield ind1=" " ind2=" " tag="850">
<subfield code="a">DE-101a</subfield>
<subfield code="a">DE-101b</subfield>
</datafield>
</record>