<record type="Bibliographic" xmlns="http://www.loc.gov/MARC21/slim">
<leader>00000nam a2200000 c 4500</leader>
<controlfield tag="001">850092108</controlfield>
<controlfield tag="003">DE-101</controlfield>
<controlfield tag="005">20171202093307.0</controlfield>
<controlfield tag="007">tu</controlfield>
<controlfield tag="008">850107s1984    gw ||||| |||| 00||||ger  </controlfield>
<datafield ind1=" " ind2=" " tag="015">
<subfield code="a">85,A04,0834</subfield>
<subfield code="2">dnb</subfield>
</datafield>
<datafield ind1="7" ind2=" " tag="016">
<subfield code="2">DE-101</subfield>
<subfield code="a">850092108</subfield>
</datafield>
<datafield ind1=" " ind2=" " tag="020">
<subfield code="a">9783871521508</subfield>
<subfield code="c">kart. : DM 5.80</subfield>
<subfield code="9">978-3-87152-150-8</subfield>
</datafield>
<datafield ind1=" " ind2=" " tag="020">
<subfield code="a">3871521507</subfield>
<subfield code="c">kart. : DM 5.80</subfield>
<subfield code="9">3-87152-150-7</subfield>
</datafield>
<datafield ind1=" " ind2=" " tag="035">
<subfield code="a">(DE-599)DNB850092108</subfield>
</datafield>
<datafield ind1=" " ind2=" " tag="035">
<subfield code="a">(OCoLC)74664218</subfield>
</datafield>
<datafield ind1=" " ind2=" " tag="040">
<subfield code="a">1200</subfield>
<subfield code="b">ger</subfield>
<subfield code="c">DE-101</subfield>
<subfield code="d">9999</subfield>
</datafield>
<datafield ind1=" " ind2=" " tag="041">
<subfield code="a">ger</subfield>
</datafield>
<datafield ind1=" " ind2=" " tag="044">
<subfield code="c">XA-DE</subfield>
</datafield>
<datafield ind1="7" ind2="4" tag="082">
<subfield code="a">830</subfield>
<subfield code="a">B</subfield>
<subfield code="q">DE-101</subfield>
<subfield code="2">22sdnb</subfield>
</datafield>
<datafield ind1="1" ind2=" " tag="100">
<subfield code="0">(DE-588)104731451</subfield>
<subfield code="0">https://d-nb.info/gnd/104731451</subfield>
<subfield code="0">(DE-101)104731451</subfield>
<subfield code="a">Behrendt, Leni</subfield>
<subfield code="d">1894-1968</subfield>
<subfield code="e">Verfasser</subfield>
<subfield code="4">aut</subfield>
<subfield code="2">gnd</subfield>
</datafield>
<datafield ind1="1" ind2="0" tag="245">
<subfield code="a">Herzen in Fehde</subfield>
<subfield code="b">Roman</subfield>
<subfield code="c">Leni Behrendt</subfield>
</datafield>
<datafield ind1=" " ind2="1" tag="264">
<subfield code="a">Hamburg</subfield>
<subfield code="b">Deutscher Literatur-Verlag Melchert</subfield>
<subfield code="c">1984</subfield>
</datafield>
<datafield ind1=" " ind2=" " tag="300">
<subfield code="a">208 S.</subfield>
<subfield code="c">18 cm</subfield>
</datafield>
<datafield ind1=" " ind2=" " tag="336">
<subfield code="a">Text</subfield>
<subfield code="b">txt</subfield>
<subfield code="2">rdacontent</subfield>
</datafield>
<datafield ind1=" " ind2=" " tag="337">
<subfield code="a">ohne Hilfsmittel zu benutzen</subfield>
<subfield code="b">n</subfield>
<subfield code="2">rdamedia</subfield>
</datafield>
<datafield ind1=" " ind2=" " tag="338">
<subfield code="a">Band</subfield>
<subfield code="b">nc</subfield>
<subfield code="2">rdacarrier</subfield>
</datafield>
<datafield ind1=" " ind2=" " tag="366">
<subfield code="c">OP 20221008</subfield>
<subfield code="2">onixas</subfield>
</datafield>
<datafield ind1="1" ind2=" " tag="490">
<subfield code="a">DLV-Taschenbuch</subfield>
<subfield code="v">Nr. 150</subfield>
</datafield>
<datafield ind1=" " ind2="0" tag="830">
<subfield code="a">DLV-Taschenbuch</subfield>
<subfield code="v">Nr. 150</subfield>
<subfield code="w">(DE-101)011801700</subfield>
<subfield code="w">(DE-600)291682-4</subfield>
<subfield code="9">3150</subfield>
<subfield code="7">as</subfield>
</datafield>
<datafield ind1=" " ind2=" " tag="850">
<subfield code="a">DE-101a</subfield>
<subfield code="a">DE-101b</subfield>
</datafield>
</record>