<record type="Bibliographic" xmlns="http://www.loc.gov/MARC21/slim">
<leader>00000nam a2200000 c 4500</leader>
<controlfield tag="001">790269813</controlfield>
<controlfield tag="003">DE-101</controlfield>
<controlfield tag="005">20171202040222.0</controlfield>
<controlfield tag="007">tu</controlfield>
<controlfield tag="008">790515s1979    gw ||||| |||| 00||||ger  </controlfield>
<datafield ind1=" " ind2=" " tag="015">
<subfield code="a">79,A27,0358</subfield>
<subfield code="2">dnb</subfield>
</datafield>
<datafield ind1="7" ind2=" " tag="016">
<subfield code="2">DE-101</subfield>
<subfield code="a">790269813</subfield>
</datafield>
<datafield ind1=" " ind2=" " tag="020">
<subfield code="a">9783453203709</subfield>
<subfield code="c">kart. : DM 3.80</subfield>
<subfield code="9">978-3-453-20370-9</subfield>
</datafield>
<datafield ind1=" " ind2=" " tag="020">
<subfield code="a">3453203704</subfield>
<subfield code="c">kart. : DM 3.80</subfield>
<subfield code="9">3-453-20370-4</subfield>
</datafield>
<datafield ind1=" " ind2=" " tag="035">
<subfield code="a">(DE-599)DNB790269813</subfield>
</datafield>
<datafield ind1=" " ind2=" " tag="035">
<subfield code="a">(OCoLC)74468247</subfield>
</datafield>
<datafield ind1=" " ind2=" " tag="040">
<subfield code="a">1200</subfield>
<subfield code="b">ger</subfield>
<subfield code="c">DE-101</subfield>
<subfield code="d">9999</subfield>
</datafield>
<datafield ind1=" " ind2=" " tag="041">
<subfield code="a">ger</subfield>
</datafield>
<datafield ind1=" " ind2=" " tag="044">
<subfield code="c">XA-DE</subfield>
</datafield>
<datafield ind1=" " ind2=" " tag="084">
<subfield code="a">08a</subfield>
<subfield code="a">810</subfield>
<subfield code="a">820</subfield>
<subfield code="a">830</subfield>
<subfield code="a">839</subfield>
<subfield code="a">840</subfield>
<subfield code="a">850</subfield>
<subfield code="a">860</subfield>
<subfield code="a">870</subfield>
<subfield code="a">880</subfield>
<subfield code="a">890</subfield>
<subfield code="a">B</subfield>
<subfield code="q">DE-101</subfield>
<subfield code="2">sdnb</subfield>
</datafield>
<datafield ind1="1" ind2=" " tag="100">
<subfield code="0">(DE-588)119145901</subfield>
<subfield code="0">https://d-nb.info/gnd/119145901</subfield>
<subfield code="0">(DE-101)119145901</subfield>
<subfield code="a">L'Amour, Louis</subfield>
<subfield code="d">1908-1988</subfield>
<subfield code="e">Verfasser</subfield>
<subfield code="4">aut</subfield>
<subfield code="2">gnd</subfield>
</datafield>
<datafield ind1="1" ind2="0" tag="245">
<subfield code="a">Blutige Fehde</subfield>
<subfield code="b">Western-Roman</subfield>
<subfield code="c">Louis L'Amour. [Dt. Übers. von Alfred Dunkel]</subfield>
</datafield>
<datafield ind1=" " ind2="1" tag="264">
<subfield code="a">München</subfield>
<subfield code="b">Heyne</subfield>
<subfield code="c">1979</subfield>
</datafield>
<datafield ind1=" " ind2=" " tag="300">
<subfield code="a">141 S.</subfield>
<subfield code="c">18 cm</subfield>
</datafield>
<datafield ind1=" " ind2=" " tag="336">
<subfield code="a">Text</subfield>
<subfield code="b">txt</subfield>
<subfield code="2">rdacontent</subfield>
</datafield>
<datafield ind1=" " ind2=" " tag="337">
<subfield code="a">ohne Hilfsmittel zu benutzen</subfield>
<subfield code="b">n</subfield>
<subfield code="2">rdamedia</subfield>
</datafield>
<datafield ind1=" " ind2=" " tag="338">
<subfield code="a">Band</subfield>
<subfield code="b">nc</subfield>
<subfield code="2">rdacarrier</subfield>
</datafield>
<datafield ind1=" " ind2=" " tag="366">
<subfield code="c">OP 20221008</subfield>
<subfield code="2">onixas</subfield>
</datafield>
<datafield ind1="1" ind2=" " tag="490">
<subfield code="a">Heyne-Bücher</subfield>
<subfield code="v">Nr. 2518 : Western</subfield>
</datafield>
<datafield ind1="1" ind2="2" tag="700">
<subfield code="a">L'Amour, Louis</subfield>
<subfield code="d">1908-1988</subfield>
<subfield code="2">gnd</subfield>
<subfield code="t">Matagorda</subfield>
<subfield code="g">dt.</subfield>
</datafield>
<datafield ind1=" " ind2="0" tag="830">
<subfield code="a">Heyne-Bücher</subfield>
<subfield code="v">Nr. 2518 : Western</subfield>
<subfield code="9">42518</subfield>
</datafield>
<datafield ind1=" " ind2=" " tag="850">
<subfield code="a">DE-101a</subfield>
<subfield code="a">DE-101b</subfield>
</datafield>
</record>