<record type="Bibliographic" xmlns="http://www.loc.gov/MARC21/slim">
<leader>00000nam a2200000 c 4500</leader>
<controlfield tag="001">790204711</controlfield>
<controlfield tag="003">DE-101</controlfield>
<controlfield tag="005">20250427090251.0</controlfield>
<controlfield tag="007">tu</controlfield>
<controlfield tag="008">790325s1979    gw ||||| |||| 00||||ger  </controlfield>
<datafield ind1=" " ind2=" " tag="015">
<subfield code="a">79,A19,0394</subfield>
<subfield code="2">dnb</subfield>
</datafield>
<datafield ind1="7" ind2=" " tag="016">
<subfield code="2">DE-101</subfield>
<subfield code="a">790204711</subfield>
</datafield>
<datafield ind1=" " ind2=" " tag="020">
<subfield code="a">9783401038636</subfield>
<subfield code="c">Pp. : DM 13.80</subfield>
<subfield code="9">978-3-401-03863-6</subfield>
</datafield>
<datafield ind1=" " ind2=" " tag="020">
<subfield code="a">340103863X</subfield>
<subfield code="c">Pp. : DM 13.80</subfield>
<subfield code="9">3-401-03863-X</subfield>
</datafield>
<datafield ind1=" " ind2=" " tag="035">
<subfield code="a">(DE-599)DNB790204711</subfield>
</datafield>
<datafield ind1=" " ind2=" " tag="035">
<subfield code="a">(OCoLC)74464747</subfield>
</datafield>
<datafield ind1=" " ind2=" " tag="040">
<subfield code="a">1200</subfield>
<subfield code="b">ger</subfield>
<subfield code="c">DE-101</subfield>
<subfield code="d">9999</subfield>
</datafield>
<datafield ind1=" " ind2=" " tag="041">
<subfield code="a">ger</subfield>
</datafield>
<datafield ind1=" " ind2=" " tag="044">
<subfield code="c">XA-DE</subfield>
</datafield>
<datafield ind1=" " ind2=" " tag="084">
<subfield code="a">07</subfield>
<subfield code="a">K</subfield>
<subfield code="q">DE-101</subfield>
<subfield code="2">sdnb</subfield>
</datafield>
<datafield ind1="1" ind2=" " tag="100">
<subfield code="0">(DE-588)118753711</subfield>
<subfield code="0">https://d-nb.info/gnd/118753711</subfield>
<subfield code="0">(DE-101)118753711</subfield>
<subfield code="a">Stevenson, Robert Louis</subfield>
<subfield code="d">1850-1894</subfield>
<subfield code="e">Verfasser</subfield>
<subfield code="4">aut</subfield>
<subfield code="2">gnd</subfield>
</datafield>
<datafield ind1="1" ind2="0" tag="245">
<subfield code="a">Der Junker von Ballantrae</subfield>
<subfield code="b">d. Fehde zweier feindl. Brüder um d. väterl. Erbe</subfield>
<subfield code="c">Robert Louis Stevenson. [Aus d. Engl. übers. von Lore Krüger]</subfield>
</datafield>
<datafield ind1=" " ind2=" " tag="250">
<subfield code="a">1. Aufl.</subfield>
</datafield>
<datafield ind1=" " ind2=" " tag="259">
<subfield code="a">11</subfield>
</datafield>
<datafield ind1=" " ind2="1" tag="264">
<subfield code="a">Würzburg</subfield>
<subfield code="b">Arena-Verlag</subfield>
<subfield code="c">1979</subfield>
</datafield>
<datafield ind1=" " ind2=" " tag="300">
<subfield code="a">266 S.</subfield>
<subfield code="c">20 cm</subfield>
</datafield>
<datafield ind1=" " ind2=" " tag="336">
<subfield code="a">Text</subfield>
<subfield code="b">txt</subfield>
<subfield code="2">rdacontent</subfield>
</datafield>
<datafield ind1=" " ind2=" " tag="337">
<subfield code="a">ohne Hilfsmittel zu benutzen</subfield>
<subfield code="b">n</subfield>
<subfield code="2">rdamedia</subfield>
</datafield>
<datafield ind1=" " ind2=" " tag="338">
<subfield code="a">Band</subfield>
<subfield code="b">nc</subfield>
<subfield code="2">rdacarrier</subfield>
</datafield>
<datafield ind1=" " ind2=" " tag="366">
<subfield code="c">IP 20221008</subfield>
<subfield code="2">onixas</subfield>
</datafield>
<datafield ind1="0" ind2=" " tag="490">
<subfield code="a">Arena-Bibliothek der Abenteuer</subfield>
</datafield>
<datafield ind1=" " ind2=" " tag="500">
<subfield code="a">Lizenzausg.</subfield>
</datafield>
<datafield ind1=" " ind2=" " tag="653">
<subfield code="a">(BISAC Subject Heading)FIC014000</subfield>
</datafield>
<datafield ind1=" " ind2=" " tag="653">
<subfield code="a">(BISAC Subject Heading)FIC014000</subfield>
</datafield>
<datafield ind1=" " ind2=" " tag="653">
<subfield code="a">(BISAC Subject Heading)FIC004000</subfield>
</datafield>
<datafield ind1="1" ind2="2" tag="700">
<subfield code="a">Stevenson, Robert Louis</subfield>
<subfield code="d">1850-1894</subfield>
<subfield code="2">gnd</subfield>
<subfield code="t">The master of Ballantrae</subfield>
<subfield code="g">dt.</subfield>
</datafield>
<datafield ind1=" " ind2=" " tag="850">
<subfield code="a">DE-101a</subfield>
<subfield code="a">DE-101b</subfield>
</datafield>
</record>