<record type="Bibliographic" xmlns="http://www.loc.gov/MARC21/slim">
<leader>00000nam a2200000 c 4500</leader>
<controlfield tag="001">790306638</controlfield>
<controlfield tag="003">DE-101</controlfield>
<controlfield tag="005">20171202040432.0</controlfield>
<controlfield tag="007">tu</controlfield>
<controlfield tag="008">790608s1979    gw ||||| |||| 00||||ger  </controlfield>
<datafield ind1=" " ind2=" " tag="015">
<subfield code="a">79,A32,0493</subfield>
<subfield code="2">dnb</subfield>
</datafield>
<datafield ind1="7" ind2=" " tag="016">
<subfield code="2">DE-101</subfield>
<subfield code="a">790306638</subfield>
</datafield>
<datafield ind1=" " ind2=" " tag="020">
<subfield code="a">9783404012602</subfield>
<subfield code="c">kart. : DM 3.80</subfield>
<subfield code="9">978-3-404-01260-2</subfield>
</datafield>
<datafield ind1=" " ind2=" " tag="020">
<subfield code="a">3404012607</subfield>
<subfield code="c">kart. : DM 3.80</subfield>
<subfield code="9">3-404-01260-7</subfield>
</datafield>
<datafield ind1=" " ind2=" " tag="035">
<subfield code="a">(DE-599)DNB790306638</subfield>
</datafield>
<datafield ind1=" " ind2=" " tag="035">
<subfield code="a">(OCoLC)74470201</subfield>
</datafield>
<datafield ind1=" " ind2=" " tag="040">
<subfield code="a">1200</subfield>
<subfield code="b">ger</subfield>
<subfield code="c">DE-101</subfield>
<subfield code="d">9999</subfield>
</datafield>
<datafield ind1=" " ind2=" " tag="041">
<subfield code="a">ger</subfield>
</datafield>
<datafield ind1=" " ind2=" " tag="044">
<subfield code="c">XA-DE</subfield>
</datafield>
<datafield ind1=" " ind2=" " tag="084">
<subfield code="a">08a</subfield>
<subfield code="a">810</subfield>
<subfield code="a">820</subfield>
<subfield code="a">830</subfield>
<subfield code="a">839</subfield>
<subfield code="a">840</subfield>
<subfield code="a">850</subfield>
<subfield code="a">860</subfield>
<subfield code="a">870</subfield>
<subfield code="a">880</subfield>
<subfield code="a">890</subfield>
<subfield code="a">B</subfield>
<subfield code="q">DE-101</subfield>
<subfield code="2">sdnb</subfield>
</datafield>
<datafield ind1="1" ind2=" " tag="100">
<subfield code="0">(DE-588)104694912</subfield>
<subfield code="0">https://d-nb.info/gnd/104694912</subfield>
<subfield code="0">(DE-101)104694912</subfield>
<subfield code="a">Unger, Gert F.</subfield>
<subfield code="d">1921-2005</subfield>
<subfield code="e">Verfasser</subfield>
<subfield code="4">aut</subfield>
<subfield code="2">gnd</subfield>
</datafield>
<datafield ind1="1" ind2="0" tag="245">
<subfield code="a">Die Waycross-Fehde</subfield>
<subfield code="b">Western-Roman</subfield>
<subfield code="c">G. F. Unger</subfield>
</datafield>
<datafield ind1=" " ind2="1" tag="264">
<subfield code="a">Bergisch Gladbach</subfield>
<subfield code="b">Lübbe</subfield>
<subfield code="c">1979</subfield>
</datafield>
<datafield ind1=" " ind2=" " tag="300">
<subfield code="a">155 S.</subfield>
<subfield code="c">18 cm</subfield>
</datafield>
<datafield ind1=" " ind2=" " tag="336">
<subfield code="a">Text</subfield>
<subfield code="b">txt</subfield>
<subfield code="2">rdacontent</subfield>
</datafield>
<datafield ind1=" " ind2=" " tag="337">
<subfield code="a">ohne Hilfsmittel zu benutzen</subfield>
<subfield code="b">n</subfield>
<subfield code="2">rdamedia</subfield>
</datafield>
<datafield ind1=" " ind2=" " tag="338">
<subfield code="a">Band</subfield>
<subfield code="b">nc</subfield>
<subfield code="2">rdacarrier</subfield>
</datafield>
<datafield ind1=" " ind2=" " tag="366">
<subfield code="c">OP 20221008</subfield>
<subfield code="2">onixas</subfield>
</datafield>
<datafield ind1="1" ind2=" " tag="490">
<subfield code="a">Bastei Lübbe</subfield>
<subfield code="v">43096 : G. F. Unger</subfield>
</datafield>
<datafield ind1=" " ind2="0" tag="830">
<subfield code="a">Bastei Lübbe</subfield>
<subfield code="v">43096 : G. F. Unger</subfield>
<subfield code="9">543096</subfield>
</datafield>
<datafield ind1=" " ind2=" " tag="850">
<subfield code="a">DE-101a</subfield>
<subfield code="a">DE-101b</subfield>
</datafield>
</record>