<record type="Bibliographic" xmlns="http://www.loc.gov/MARC21/slim">
<leader>00000nam a2200000 c 4500</leader>
<controlfield tag="001">780464958</controlfield>
<controlfield tag="003">DE-101</controlfield>
<controlfield tag="005">20171202032934.0</controlfield>
<controlfield tag="007">tu</controlfield>
<controlfield tag="008">781007s1978    gw ||||| |||| 00||||ger  </controlfield>
<datafield ind1=" " ind2=" " tag="015">
<subfield code="a">78,A48,0501</subfield>
<subfield code="2">dnb</subfield>
</datafield>
<datafield ind1="7" ind2=" " tag="016">
<subfield code="2">DE-101</subfield>
<subfield code="a">780464958</subfield>
</datafield>
<datafield ind1=" " ind2=" " tag="020">
<subfield code="a">9783499142024</subfield>
<subfield code="c">kart. : DM 3.80</subfield>
<subfield code="9">978-3-499-14202-4</subfield>
</datafield>
<datafield ind1=" " ind2=" " tag="020">
<subfield code="a">3499142023</subfield>
<subfield code="c">kart. : DM 3.80</subfield>
<subfield code="9">3-499-14202-3</subfield>
</datafield>
<datafield ind1=" " ind2=" " tag="035">
<subfield code="a">(DE-599)DNB780464958</subfield>
</datafield>
<datafield ind1=" " ind2=" " tag="035">
<subfield code="a">(OCoLC)74451597</subfield>
</datafield>
<datafield ind1=" " ind2=" " tag="040">
<subfield code="a">1200</subfield>
<subfield code="b">ger</subfield>
<subfield code="c">DE-101</subfield>
<subfield code="d">9999</subfield>
</datafield>
<datafield ind1=" " ind2=" " tag="041">
<subfield code="a">ger</subfield>
</datafield>
<datafield ind1=" " ind2=" " tag="044">
<subfield code="c">XA-DE</subfield>
</datafield>
<datafield ind1="7" ind2="4" tag="082">
<subfield code="a">830</subfield>
<subfield code="a">B</subfield>
<subfield code="q">DE-101</subfield>
<subfield code="2">22sdnb</subfield>
</datafield>
<datafield ind1="1" ind2=" " tag="100">
<subfield code="0">(DE-588)109031485X</subfield>
<subfield code="0">https://d-nb.info/gnd/109031485X</subfield>
<subfield code="0">(DE-101)109031485X</subfield>
<subfield code="a">Stammel, H. J.</subfield>
<subfield code="d">1926-1989</subfield>
<subfield code="e">Verfasser</subfield>
<subfield code="4">aut</subfield>
<subfield code="2">gnd</subfield>
</datafield>
<datafield ind1="1" ind2="0" tag="245">
<subfield code="a">Rebellion der Rebellen</subfield>
<subfield code="b">Roman e. histor. Texas-Cowboy-Fehde</subfield>
<subfield code="c">Heinz-Josef Stammel</subfield>
</datafield>
<datafield ind1=" " ind2="1" tag="264">
<subfield code="a">Reinbek bei Hamburg</subfield>
<subfield code="b">Rowohlt</subfield>
<subfield code="c">1978</subfield>
</datafield>
<datafield ind1=" " ind2=" " tag="300">
<subfield code="a">138 S.</subfield>
<subfield code="b">Ill.</subfield>
<subfield code="c">19 cm</subfield>
</datafield>
<datafield ind1=" " ind2=" " tag="336">
<subfield code="a">Text</subfield>
<subfield code="b">txt</subfield>
<subfield code="2">rdacontent</subfield>
</datafield>
<datafield ind1=" " ind2=" " tag="337">
<subfield code="a">ohne Hilfsmittel zu benutzen</subfield>
<subfield code="b">n</subfield>
<subfield code="2">rdamedia</subfield>
</datafield>
<datafield ind1=" " ind2=" " tag="338">
<subfield code="a">Band</subfield>
<subfield code="b">nc</subfield>
<subfield code="2">rdacarrier</subfield>
</datafield>
<datafield ind1=" " ind2=" " tag="366">
<subfield code="c">OP 20221008</subfield>
<subfield code="2">onixas</subfield>
</datafield>
<datafield ind1="1" ind2=" " tag="490">
<subfield code="a">rororo</subfield>
<subfield code="v">4202 : Authentic Western</subfield>
</datafield>
<datafield ind1=" " ind2=" " tag="500">
<subfield code="a">Ungekürzte Lizenzausg. d. Verl. Herder, Freiburg i.B.</subfield>
</datafield>
<datafield ind1=" " ind2="0" tag="830">
<subfield code="a">rororo</subfield>
<subfield code="v">4202 : Authentic Western</subfield>
<subfield code="9">44202</subfield>
</datafield>
<datafield ind1=" " ind2=" " tag="850">
<subfield code="a">DE-101a</subfield>
<subfield code="a">DE-101b</subfield>
</datafield>
</record>