<record type="Bibliographic" xmlns="http://www.loc.gov/MARC21/slim">
<leader>00000nam a2200000 c 4500</leader>
<controlfield tag="001">770243827</controlfield>
<controlfield tag="003">DE-101</controlfield>
<controlfield tag="005">20240606143548.0</controlfield>
<controlfield tag="007">tu</controlfield>
<controlfield tag="008">770511s1977    gw ||||| |||| 00||||ger  </controlfield>
<datafield ind1=" " ind2=" " tag="015">
<subfield code="a">77,A26,0407</subfield>
<subfield code="2">dnb</subfield>
</datafield>
<datafield ind1="7" ind2=" " tag="016">
<subfield code="2">DE-101</subfield>
<subfield code="a">770243827</subfield>
</datafield>
<datafield ind1=" " ind2=" " tag="020">
<subfield code="a">9783451161674</subfield>
<subfield code="c">Pp. : DM 14.80</subfield>
<subfield code="9">978-3-451-16167-4</subfield>
</datafield>
<datafield ind1=" " ind2=" " tag="020">
<subfield code="a">3451161672</subfield>
<subfield code="c">Pp. : DM 14.80</subfield>
<subfield code="9">3-451-16167-2</subfield>
</datafield>
<datafield ind1=" " ind2=" " tag="035">
<subfield code="a">(DE-599)DNB770243827</subfield>
</datafield>
<datafield ind1=" " ind2=" " tag="035">
<subfield code="a">(OCoLC)74343106</subfield>
</datafield>
<datafield ind1=" " ind2=" " tag="040">
<subfield code="a">1200</subfield>
<subfield code="b">ger</subfield>
<subfield code="c">DE-101</subfield>
<subfield code="d">0292</subfield>
</datafield>
<datafield ind1=" " ind2=" " tag="041">
<subfield code="a">ger</subfield>
</datafield>
<datafield ind1=" " ind2=" " tag="044">
<subfield code="c">XA-DE</subfield>
</datafield>
<datafield ind1="7" ind2="4" tag="082">
<subfield code="a">830</subfield>
<subfield code="a">B</subfield>
<subfield code="q">DE-101</subfield>
<subfield code="2">22sdnb</subfield>
</datafield>
<datafield ind1="1" ind2=" " tag="100">
<subfield code="0">(DE-588)1114673706</subfield>
<subfield code="0">https://d-nb.info/gnd/1114673706</subfield>
<subfield code="0">(DE-101)1114673706</subfield>
<subfield code="a">Hagen, Christopher S.</subfield>
<subfield code="d">1926-1989</subfield>
<subfield code="e">Verfasser</subfield>
<subfield code="4">aut</subfield>
<subfield code="2">gnd</subfield>
</datafield>
<datafield ind1="1" ind2="0" tag="245">
<subfield code="a">Rebellion der Rebellen</subfield>
<subfield code="b">Roman e. histor. Texas-Cowboy-Fehde</subfield>
<subfield code="c">Christopher S. Hagen</subfield>
</datafield>
<datafield ind1=" " ind2=" " tag="250">
<subfield code="a">4. Aufl.</subfield>
</datafield>
<datafield ind1=" " ind2=" " tag="259">
<subfield code="a">14</subfield>
</datafield>
<datafield ind1=" " ind2="1" tag="264">
<subfield code="a">Freiburg im Breisgau, Basel, Wien</subfield>
<subfield code="b">Herder</subfield>
<subfield code="c">[1977]</subfield>
</datafield>
<datafield ind1=" " ind2=" " tag="300">
<subfield code="a">221 S.</subfield>
<subfield code="b">1 Kt.</subfield>
<subfield code="c">20 cm</subfield>
</datafield>
<datafield ind1=" " ind2=" " tag="336">
<subfield code="a">Text</subfield>
<subfield code="b">txt</subfield>
<subfield code="2">rdacontent</subfield>
</datafield>
<datafield ind1=" " ind2=" " tag="337">
<subfield code="a">ohne Hilfsmittel zu benutzen</subfield>
<subfield code="b">n</subfield>
<subfield code="2">rdamedia</subfield>
</datafield>
<datafield ind1=" " ind2=" " tag="338">
<subfield code="a">Band</subfield>
<subfield code="b">nc</subfield>
<subfield code="2">rdacarrier</subfield>
</datafield>
<datafield ind1=" " ind2=" " tag="366">
<subfield code="c">OP 20221008</subfield>
<subfield code="2">onixas</subfield>
</datafield>
<datafield ind1="1" ind2=" " tag="490">
<subfield code="a">Authentic western</subfield>
<subfield code="v">[Bd. 3]</subfield>
</datafield>
<datafield ind1=" " ind2=" " tag="500">
<subfield code="a">Literaturverz. S. 220 - [222].</subfield>
</datafield>
<datafield ind1=" " ind2="0" tag="830">
<subfield code="a">Authentic western</subfield>
<subfield code="v">[Bd. 3]</subfield>
<subfield code="9">13</subfield>
</datafield>
<datafield ind1=" " ind2=" " tag="850">
<subfield code="a">DE-101b</subfield>
</datafield>
<datafield ind1="4" ind2="2" tag="856">
<subfield code="m">B:DE-101</subfield>
<subfield code="q">application/pdf</subfield>
<subfield code="u">https://d-nb.info/770243827/04</subfield>
<subfield code="3">Inhaltsverzeichnis</subfield>
</datafield>
</record>