<record type="Bibliographic" xmlns="http://www.loc.gov/MARC21/slim">
<leader>00000nab a2200000 cc4500</leader>
<controlfield tag="001">201328801</controlfield>
<controlfield tag="003">DE-101</controlfield>
<controlfield tag="005">20231023123347.0</controlfield>
<controlfield tag="007">tu</controlfield>
<controlfield tag="008">941119s1977    gw u||p|  ||| 0||||1ger  </controlfield>
<datafield ind1="7" ind2=" " tag="016">
<subfield code="2">DE-101</subfield>
<subfield code="a">201328801</subfield>
</datafield>
<datafield ind1=" " ind2=" " tag="035">
<subfield code="a">(DE-599)DNB201328801</subfield>
</datafield>
<datafield ind1=" " ind2=" " tag="035">
<subfield code="a">(OCoLC)718176280</subfield>
</datafield>
<datafield ind1=" " ind2=" " tag="040">
<subfield code="a">1100</subfield>
<subfield code="b">ger</subfield>
<subfield code="c">DE-101</subfield>
<subfield code="d">1140</subfield>
</datafield>
<datafield ind1=" " ind2=" " tag="041">
<subfield code="a">ger</subfield>
</datafield>
<datafield ind1=" " ind2=" " tag="044">
<subfield code="c">XA-DE</subfield>
</datafield>
<datafield ind1="7" ind2="4" tag="082">
<subfield code="a">59</subfield>
<subfield code="q">DE-101</subfield>
<subfield code="2">22sdnb</subfield>
</datafield>
<datafield ind1="0" ind2="0" tag="245">
<subfield code="a">Silber-Western</subfield>
<subfield code="n">1254.</subfield>
<subfield code="p">Fehde der Mächtigen / Ringo Hurricane</subfield>
</datafield>
<datafield ind1="3" ind2="1" tag="264">
<subfield code="a">Rastatt</subfield>
<subfield code="b">Pabel</subfield>
<subfield code="c">1977</subfield>
</datafield>
<datafield ind1=" " ind2=" " tag="300">
<subfield code="a">60 S.</subfield>
</datafield>
<datafield ind1=" " ind2=" " tag="336">
<subfield code="a">Text</subfield>
<subfield code="b">txt</subfield>
<subfield code="2">rdacontent</subfield>
</datafield>
<datafield ind1=" " ind2=" " tag="337">
<subfield code="a">ohne Hilfsmittel zu benutzen</subfield>
<subfield code="b">n</subfield>
<subfield code="2">rdamedia</subfield>
</datafield>
<datafield ind1=" " ind2=" " tag="338">
<subfield code="a">Band</subfield>
<subfield code="b">nc</subfield>
<subfield code="2">rdacarrier</subfield>
</datafield>
<datafield ind1="1" ind2=" " tag="700">
<subfield code="a">Hurricane, Ringo </subfield>
<subfield code="e">Mitwirkender</subfield>
<subfield code="4">ctb</subfield>
</datafield>
<datafield ind1="0" ind2="8" tag="773">
<subfield code="q">41254</subfield>
<subfield code="w">(DE-101)016626206</subfield>
</datafield>
<datafield ind1="0" ind2="8" tag="776">
<subfield code="i">Elektronische Reproduktion</subfield>
<subfield code="t">Silber-Western</subfield>
<subfield code="d">Rastatt : Pabel, 1973-1990</subfield>
<subfield code="h">1 Online-Ressource (60 S.)</subfield>
<subfield code="w">(DE-600)3170063-9</subfield>
<subfield code="w">(DE-101)1306943868</subfield>
</datafield>
<datafield ind1=" " ind2=" " tag="850">
<subfield code="a">DE-101a</subfield>
</datafield>
<datafield ind1="r" ind2=" " tag="925">
<subfield code="a">ra</subfield>
</datafield>
</record>