<record type="Bibliographic" xmlns="http://www.loc.gov/MARC21/slim">
<leader>00000nam a2200000 c 4500</leader>
<controlfield tag="001">770243029</controlfield>
<controlfield tag="003">DE-101</controlfield>
<controlfield tag="005">20250308171321.0</controlfield>
<controlfield tag="007">tu</controlfield>
<controlfield tag="008">770506s1976    xx ||||| |||| 00||||ger  </controlfield>
<datafield ind1=" " ind2=" " tag="015">
<subfield code="a">77,A26,0340</subfield>
<subfield code="2">dnb</subfield>
</datafield>
<datafield ind1="7" ind2=" " tag="016">
<subfield code="2">DE-101</subfield>
<subfield code="a">770243029</subfield>
</datafield>
<datafield ind1=" " ind2=" " tag="020">
<subfield code="c">Lw. : M 9.00</subfield>
</datafield>
<datafield ind1=" " ind2=" " tag="035">
<subfield code="a">(DE-599)DNB770243029</subfield>
</datafield>
<datafield ind1=" " ind2=" " tag="035">
<subfield code="a">(OCoLC)1183889102</subfield>
</datafield>
<datafield ind1=" " ind2=" " tag="035">
<subfield code="a">(OCoLC)251778717</subfield>
</datafield>
<datafield ind1=" " ind2=" " tag="040">
<subfield code="a">1200</subfield>
<subfield code="b">ger</subfield>
<subfield code="c">DE-101</subfield>
<subfield code="d">9999</subfield>
</datafield>
<datafield ind1=" " ind2=" " tag="041">
<subfield code="a">ger</subfield>
</datafield>
<datafield ind1=" " ind2=" " tag="044">
<subfield code="c">XA-DDDE</subfield>
</datafield>
<datafield ind1=" " ind2=" " tag="084">
<subfield code="a">08a</subfield>
<subfield code="a">2303</subfield>
<subfield code="a">810</subfield>
<subfield code="a">820</subfield>
<subfield code="a">830</subfield>
<subfield code="a">839</subfield>
<subfield code="a">840</subfield>
<subfield code="a">850</subfield>
<subfield code="a">860</subfield>
<subfield code="a">870</subfield>
<subfield code="a">880</subfield>
<subfield code="a">890</subfield>
<subfield code="a">B</subfield>
<subfield code="q">DE-101</subfield>
<subfield code="2">sdnb</subfield>
</datafield>
<datafield ind1="1" ind2=" " tag="100">
<subfield code="0">(DE-588)11873377X</subfield>
<subfield code="0">https://d-nb.info/gnd/11873377X</subfield>
<subfield code="0">(DE-101)11873377X</subfield>
<subfield code="a">Mickiewicz, Adam</subfield>
<subfield code="d">1798-1855</subfield>
<subfield code="e">Verfasser</subfield>
<subfield code="4">aut</subfield>
<subfield code="2">gnd</subfield>
</datafield>
<datafield ind1="1" ind2="0" tag="245">
<subfield code="a">Pan Tadeusz oder die letzte Fehde in Litauen</subfield>
<subfield code="b">Versepos</subfield>
<subfield code="c">Adam Mickiewicz. [Aus d. Poln. nachgedichtet von Hermann Buddensieg. Mit e. Nachw. von Alois Hermann]</subfield>
</datafield>
<datafield ind1=" " ind2=" " tag="250">
<subfield code="a">1. Aufl.</subfield>
</datafield>
<datafield ind1=" " ind2=" " tag="259">
<subfield code="a">11</subfield>
</datafield>
<datafield ind1=" " ind2="1" tag="264">
<subfield code="a">Berlin, Weimar</subfield>
<subfield code="b">Aufbau-Verlag</subfield>
<subfield code="c">1976</subfield>
</datafield>
<datafield ind1=" " ind2=" " tag="300">
<subfield code="a">412 S.</subfield>
<subfield code="c">20 cm</subfield>
</datafield>
<datafield ind1=" " ind2=" " tag="336">
<subfield code="a">Text</subfield>
<subfield code="b">txt</subfield>
<subfield code="2">rdacontent</subfield>
</datafield>
<datafield ind1=" " ind2=" " tag="337">
<subfield code="a">ohne Hilfsmittel zu benutzen</subfield>
<subfield code="b">n</subfield>
<subfield code="2">rdamedia</subfield>
</datafield>
<datafield ind1=" " ind2=" " tag="338">
<subfield code="a">Band</subfield>
<subfield code="b">nc</subfield>
<subfield code="2">rdacarrier</subfield>
</datafield>
<datafield ind1=" " ind2=" " tag="366">
<subfield code="c">OP 20241207</subfield>
<subfield code="2">onixas</subfield>
</datafield>
<datafield ind1="0" ind2=" " tag="490">
<subfield code="a">Bibliothek der Weltliteratur</subfield>
</datafield>
<datafield ind1=" " ind2="7" tag="655">
<subfield code="0">(DE-101)1010789759</subfield>
<subfield code="a">Erzählende Literatur</subfield>
<subfield code="2">gatbeg</subfield>
</datafield>
<datafield ind1="1" ind2="2" tag="700">
<subfield code="a">Mickiewicz, Adam</subfield>
<subfield code="d">1798-1855</subfield>
<subfield code="2">gnd</subfield>
<subfield code="t">Pan Tadeusz czyli ostatni zajazd na Litwie</subfield>
<subfield code="g">dt.</subfield>
</datafield>
<datafield ind1=" " ind2=" " tag="850">
<subfield code="a">DE-101a</subfield>
<subfield code="a">DE-101b</subfield>
</datafield>
<datafield ind1="4" ind2="2" tag="856">
<subfield code="m">B:DE-101</subfield>
<subfield code="q">application/pdf</subfield>
<subfield code="u">https://d-nb.info/770243029/04</subfield>
<subfield code="3">Inhaltsverzeichnis</subfield>
</datafield>
</record>