<record type="Bibliographic" xmlns="http://www.loc.gov/MARC21/slim">
<leader>00000nam a2200000 c 4500</leader>
<controlfield tag="001">740331256</controlfield>
<controlfield tag="003">DE-101</controlfield>
<controlfield tag="005">20171201233945.0</controlfield>
<controlfield tag="007">tu</controlfield>
<controlfield tag="008">740715s1974    gw ||||| |||| 00||||ger  </controlfield>
<datafield ind1=" " ind2=" " tag="015">
<subfield code="a">74,A29,0308</subfield>
<subfield code="2">dnb</subfield>
</datafield>
<datafield ind1="7" ind2=" " tag="016">
<subfield code="2">DE-101</subfield>
<subfield code="a">740331256</subfield>
</datafield>
<datafield ind1=" " ind2=" " tag="020">
<subfield code="a">9783453201781</subfield>
<subfield code="c">kart. : DM 2.80</subfield>
<subfield code="9">978-3-453-20178-1</subfield>
</datafield>
<datafield ind1=" " ind2=" " tag="020">
<subfield code="a">3453201787</subfield>
<subfield code="c">kart. : DM 2.80</subfield>
<subfield code="9">3-453-20178-7</subfield>
</datafield>
<datafield ind1=" " ind2=" " tag="035">
<subfield code="a">(DE-599)DNB740331256</subfield>
</datafield>
<datafield ind1=" " ind2=" " tag="035">
<subfield code="a">(OCoLC)74139242</subfield>
</datafield>
<datafield ind1=" " ind2=" " tag="040">
<subfield code="a">1200</subfield>
<subfield code="b">ger</subfield>
<subfield code="c">DE-101</subfield>
<subfield code="d">9999</subfield>
</datafield>
<datafield ind1=" " ind2=" " tag="041">
<subfield code="a">ger</subfield>
</datafield>
<datafield ind1=" " ind2=" " tag="044">
<subfield code="c">XA-DE</subfield>
</datafield>
<datafield ind1=" " ind2=" " tag="084">
<subfield code="a">08a</subfield>
<subfield code="a">810</subfield>
<subfield code="a">820</subfield>
<subfield code="a">830</subfield>
<subfield code="a">839</subfield>
<subfield code="a">840</subfield>
<subfield code="a">850</subfield>
<subfield code="a">860</subfield>
<subfield code="a">870</subfield>
<subfield code="a">880</subfield>
<subfield code="a">890</subfield>
<subfield code="a">B</subfield>
<subfield code="q">DE-101</subfield>
<subfield code="2">sdnb</subfield>
</datafield>
<datafield ind1="1" ind2=" " tag="100">
<subfield code="0">(DE-588)119401908</subfield>
<subfield code="0">https://d-nb.info/gnd/119401908</subfield>
<subfield code="0">(DE-101)119401908</subfield>
<subfield code="a">Haycox, Ernest</subfield>
<subfield code="d">1899-1950</subfield>
<subfield code="e">Verfasser</subfield>
<subfield code="4">aut</subfield>
<subfield code="2">gnd</subfield>
</datafield>
<datafield ind1="1" ind2="0" tag="245">
<subfield code="a">Die letzte Fehde</subfield>
<subfield code="b">ein klass. Western-Roman</subfield>
<subfield code="c">Ernest Haycox. [Dt. Übers. von Hansheinz Werner]</subfield>
</datafield>
<datafield ind1=" " ind2="1" tag="264">
<subfield code="a">München</subfield>
<subfield code="b">Heyne</subfield>
<subfield code="c">1974</subfield>
</datafield>
<datafield ind1=" " ind2=" " tag="300">
<subfield code="a">126 S.;</subfield>
<subfield code="c">18 cm</subfield>
</datafield>
<datafield ind1=" " ind2=" " tag="336">
<subfield code="a">Text</subfield>
<subfield code="b">txt</subfield>
<subfield code="2">rdacontent</subfield>
</datafield>
<datafield ind1=" " ind2=" " tag="337">
<subfield code="a">ohne Hilfsmittel zu benutzen</subfield>
<subfield code="b">n</subfield>
<subfield code="2">rdamedia</subfield>
</datafield>
<datafield ind1=" " ind2=" " tag="338">
<subfield code="a">Band</subfield>
<subfield code="b">nc</subfield>
<subfield code="2">rdacarrier</subfield>
</datafield>
<datafield ind1=" " ind2=" " tag="366">
<subfield code="c">OP 20221008</subfield>
<subfield code="2">onixas</subfield>
</datafield>
<datafield ind1="1" ind2=" " tag="490">
<subfield code="a">Heyne-Bücher</subfield>
<subfield code="v">Nr. 2360 : Western classics</subfield>
</datafield>
<datafield ind1="1" ind2="2" tag="700">
<subfield code="a">Haycox, Ernest</subfield>
<subfield code="d">1899-1950</subfield>
<subfield code="2">gnd</subfield>
<subfield code="t">Guns up</subfield>
<subfield code="g">dt.</subfield>
</datafield>
<datafield ind1=" " ind2="0" tag="830">
<subfield code="a">Heyne-Bücher</subfield>
<subfield code="v">Nr. 2360 : Western classics</subfield>
<subfield code="9">42360</subfield>
</datafield>
<datafield ind1=" " ind2=" " tag="850">
<subfield code="a">DE-101a</subfield>
<subfield code="a">DE-101b</subfield>
</datafield>
</record>