<record type="Bibliographic" xmlns="http://www.loc.gov/MARC21/slim">
<leader>00000nam a2200000 c 4500</leader>
<controlfield tag="001">740307983</controlfield>
<controlfield tag="003">DE-101</controlfield>
<controlfield tag="005">20230809194627.0</controlfield>
<controlfield tag="007">tu</controlfield>
<controlfield tag="008">740701s1973    gw ||||| |||| 00||||ger  </controlfield>
<datafield ind1=" " ind2=" " tag="015">
<subfield code="a">74,A27,0778</subfield>
<subfield code="2">dnb</subfield>
</datafield>
<datafield ind1="7" ind2=" " tag="016">
<subfield code="2">DE-101</subfield>
<subfield code="a">740307983</subfield>
</datafield>
<datafield ind1=" " ind2=" " tag="020">
<subfield code="a">9783261010018</subfield>
<subfield code="c">kart. (Preis nicht mitgeteilt)</subfield>
<subfield code="9">978-3-261-01001-8</subfield>
</datafield>
<datafield ind1=" " ind2=" " tag="020">
<subfield code="a">3261010010</subfield>
<subfield code="c">kart. (Preis nicht mitgeteilt)</subfield>
<subfield code="9">3-261-01001-0</subfield>
</datafield>
<datafield ind1=" " ind2=" " tag="035">
<subfield code="a">(DE-599)DNB740307983</subfield>
</datafield>
<datafield ind1=" " ind2=" " tag="035">
<subfield code="a">(OCoLC)1186355340</subfield>
</datafield>
<datafield ind1=" " ind2=" " tag="040">
<subfield code="a">1200</subfield>
<subfield code="b">ger</subfield>
<subfield code="c">DE-101</subfield>
<subfield code="d">9999</subfield>
</datafield>
<datafield ind1=" " ind2=" " tag="041">
<subfield code="a">ger</subfield>
</datafield>
<datafield ind1=" " ind2=" " tag="044">
<subfield code="c">XA-DE</subfield>
</datafield>
<datafield ind1=" " ind2=" " tag="084">
<subfield code="a">14a</subfield>
<subfield code="a">390</subfield>
<subfield code="a">900</subfield>
<subfield code="a">910</subfield>
<subfield code="a">914.3</subfield>
<subfield code="a">920</subfield>
<subfield code="a">930</subfield>
<subfield code="a">940</subfield>
<subfield code="a">943</subfield>
<subfield code="a">950</subfield>
<subfield code="a">960</subfield>
<subfield code="a">970</subfield>
<subfield code="a">980</subfield>
<subfield code="a">990</subfield>
<subfield code="q">DE-101</subfield>
<subfield code="2">sdnb</subfield>
</datafield>
<datafield ind1="1" ind2=" " tag="100">
<subfield code="8">1\p</subfield>
<subfield code="0">(DE-588)1145445594</subfield>
<subfield code="0">https://d-nb.info/gnd/1145445594</subfield>
<subfield code="0">(DE-101)1145445594</subfield>
<subfield code="a">Koller, Walter</subfield>
<subfield code="d">1947-</subfield>
<subfield code="e">Verfasser</subfield>
<subfield code="4">aut</subfield>
<subfield code="2">gnd</subfield>
</datafield>
<datafield ind1="1" ind2="0" tag="245">
<subfield code="a">Die Urner Fehde der Izeli und Gruoba 1257 - 1258 [zwölfhundertsiebenundfünfzig bis zwölfhundertachtundfünfzig]</subfield>
<subfield code="b">Wirklichkeit u. Deutung in d. Historiografie z. Entstehung d. Schweizer. Eidgenossenschaft</subfield>
<subfield code="c">Walter Koller</subfield>
</datafield>
<datafield ind1=" " ind2="1" tag="264">
<subfield code="a">Bern</subfield>
<subfield code="b">Lang</subfield>
<subfield code="c">1973</subfield>
</datafield>
<datafield ind1=" " ind2="1" tag="264">
<subfield code="a">Frankfurt (M.)</subfield>
<subfield code="b">Lang</subfield>
<subfield code="c">1973</subfield>
</datafield>
<datafield ind1=" " ind2=" " tag="300">
<subfield code="a">137 S.;</subfield>
<subfield code="c">23 cm</subfield>
</datafield>
<datafield ind1=" " ind2=" " tag="336">
<subfield code="a">Text</subfield>
<subfield code="b">txt</subfield>
<subfield code="2">rdacontent</subfield>
</datafield>
<datafield ind1=" " ind2=" " tag="337">
<subfield code="a">ohne Hilfsmittel zu benutzen</subfield>
<subfield code="b">n</subfield>
<subfield code="2">rdamedia</subfield>
</datafield>
<datafield ind1=" " ind2=" " tag="338">
<subfield code="a">Band</subfield>
<subfield code="b">nc</subfield>
<subfield code="2">rdacarrier</subfield>
</datafield>
<datafield ind1=" " ind2=" " tag="366">
<subfield code="c">OP 20221008</subfield>
<subfield code="2">onixas</subfield>
</datafield>
<datafield ind1="1" ind2=" " tag="490">
<subfield code="a">Geist und Werk der Zeiten</subfield>
<subfield code="v">Nr. 38</subfield>
</datafield>
<datafield ind1=" " ind2=" " tag="502">
<subfield code="a">Zugleich: Zürich, Univ., Philos. Fak., Diss. 1971.</subfield>
</datafield>
<datafield ind1="1" ind2="7" tag="600">
<subfield code="a">Izeli &lt;Familie&gt;</subfield>
<subfield code="2">local</subfield>
</datafield>
<datafield ind1="1" ind2="7" tag="600">
<subfield code="a">Gruoba &lt;Familie&gt;</subfield>
<subfield code="2">local</subfield>
</datafield>
<datafield ind1="3" ind2="7" tag="600">
<subfield code="8">2\p</subfield>
<subfield code="0">(DE-588)118711059</subfield>
<subfield code="0">https://d-nb.info/gnd/118711059</subfield>
<subfield code="0">(DE-101)118711059</subfield>
<subfield code="a">Izeli</subfield>
<subfield code="c">Familie</subfield>
<subfield code="2">gnd</subfield>
</datafield>
<datafield ind1="3" ind2="7" tag="600">
<subfield code="8">3\p</subfield>
<subfield code="0">(DE-588)118698591</subfield>
<subfield code="0">https://d-nb.info/gnd/118698591</subfield>
<subfield code="0">(DE-101)118698591</subfield>
<subfield code="a">Gruoba</subfield>
<subfield code="c">Familie</subfield>
<subfield code="2">gnd</subfield>
</datafield>
<datafield ind1=" " ind2="7" tag="650">
<subfield code="a">Geschichtsschreibung</subfield>
<subfield code="x">Geschichte</subfield>
<subfield code="2">local</subfield>
</datafield>
<datafield ind1=" " ind2="7" tag="650">
<subfield code="a">Jahrhundert, 13.</subfield>
<subfield code="x">Allg. Geschichte</subfield>
<subfield code="2">local</subfield>
</datafield>
<datafield ind1=" " ind2="7" tag="650">
<subfield code="8">4\p</subfield>
<subfield code="0">(DE-588)4020531-9</subfield>
<subfield code="0">https://d-nb.info/gnd/4020531-9</subfield>
<subfield code="0">(DE-101)040205312</subfield>
<subfield code="a">Geschichtsschreibung</subfield>
<subfield code="2">gnd</subfield>
</datafield>
<datafield ind1=" " ind2="7" tag="650">
<subfield code="8">6\p</subfield>
<subfield code="a">:z Geschichte 1200-1300</subfield>
<subfield code="2">gnd</subfield>
</datafield>
<datafield ind1=" " ind2="7" tag="651">
<subfield code="a">Schweiz</subfield>
<subfield code="2">local</subfield>
</datafield>
<datafield ind1=" " ind2="7" tag="651">
<subfield code="8">5\p</subfield>
<subfield code="0">(DE-588)4053881-3</subfield>
<subfield code="0">https://d-nb.info/gnd/4053881-3</subfield>
<subfield code="0">(DE-101)040538818</subfield>
<subfield code="a">Schweiz</subfield>
<subfield code="2">gnd</subfield>
</datafield>
<datafield ind1=" " ind2="0" tag="830">
<subfield code="a">Geist und Werk der Zeiten</subfield>
<subfield code="v">Nr. 38</subfield>
<subfield code="9">238</subfield>
</datafield>
<datafield ind1=" " ind2=" " tag="850">
<subfield code="a">DE-101a</subfield>
<subfield code="a">DE-101b</subfield>
</datafield>
<datafield ind1="4" ind2="2" tag="856">
<subfield code="m">V:DE-604</subfield>
<subfield code="q">application/pdf</subfield>
<subfield code="u">https://d-nb.info/740307983/04</subfield>
<subfield code="3">Inhaltsverzeichnis</subfield>
</datafield>
<datafield ind1=" " ind2=" " tag="883">
<subfield code="8">1\p</subfield>
<subfield code="a">cgwrk</subfield>
<subfield code="d">20210314</subfield>
<subfield code="q">DE-101</subfield>
<subfield code="u">https://d-nb.info/provenance/plan#cgwrk</subfield>
</datafield>
<datafield ind1="1" ind2=" " tag="883">
<subfield code="8">2\p</subfield>
<subfield code="a">kasw</subfield>
<subfield code="c">1,000</subfield>
<subfield code="d">20230809</subfield>
<subfield code="q">DE-101</subfield>
<subfield code="u">https://d-nb.info/provenance/plan#kasw</subfield>
</datafield>
<datafield ind1="1" ind2=" " tag="883">
<subfield code="8">3\p</subfield>
<subfield code="a">kasw</subfield>
<subfield code="c">1,000</subfield>
<subfield code="d">20230809</subfield>
<subfield code="q">DE-101</subfield>
<subfield code="u">https://d-nb.info/provenance/plan#kasw</subfield>
</datafield>
<datafield ind1="1" ind2=" " tag="883">
<subfield code="8">4\p</subfield>
<subfield code="a">kasw</subfield>
<subfield code="c">1,000</subfield>
<subfield code="d">20230809</subfield>
<subfield code="q">DE-101</subfield>
<subfield code="u">https://d-nb.info/provenance/plan#kasw</subfield>
</datafield>
<datafield ind1="1" ind2=" " tag="883">
<subfield code="8">5\p</subfield>
<subfield code="a">kasw</subfield>
<subfield code="c">1,000</subfield>
<subfield code="d">20230809</subfield>
<subfield code="q">DE-101</subfield>
<subfield code="u">https://d-nb.info/provenance/plan#kasw</subfield>
</datafield>
<datafield ind1="1" ind2=" " tag="883">
<subfield code="8">6\p</subfield>
<subfield code="a">kasw</subfield>
<subfield code="c">1,000</subfield>
<subfield code="d">20230809</subfield>
<subfield code="q">DE-101</subfield>
<subfield code="u">https://d-nb.info/provenance/plan#kasw</subfield>
</datafield>
</record>