<record type="Bibliographic" xmlns="http://www.loc.gov/MARC21/slim">
<leader>00000nam a2200000 c 4500</leader>
<controlfield tag="001">481508074</controlfield>
<controlfield tag="003">DE-101</controlfield>
<controlfield tag="005">20240722183511.0</controlfield>
<controlfield tag="007">tu</controlfield>
<controlfield tag="008">941015s1968    gw ||||| m||| 00||||ger  </controlfield>
<datafield ind1="7" ind2=" " tag="016">
<subfield code="2">DE-101</subfield>
<subfield code="a">481508074</subfield>
</datafield>
<datafield ind1=" " ind2=" " tag="035">
<subfield code="a">(DE-599)DNB481508074</subfield>
</datafield>
<datafield ind1=" " ind2=" " tag="035">
<subfield code="a">(OCoLC)74007223</subfield>
</datafield>
<datafield ind1=" " ind2=" " tag="040">
<subfield code="a">1100</subfield>
<subfield code="b">ger</subfield>
<subfield code="c">DE-101</subfield>
<subfield code="d">0292</subfield>
</datafield>
<datafield ind1=" " ind2=" " tag="041">
<subfield code="a">ger</subfield>
</datafield>
<datafield ind1=" " ind2=" " tag="044">
<subfield code="c">XA-DE</subfield>
</datafield>
<datafield ind1="1" ind2=" " tag="100">
<subfield code="0">(DE-588)121394271</subfield>
<subfield code="0">https://d-nb.info/gnd/121394271</subfield>
<subfield code="0">(DE-101)121394271</subfield>
<subfield code="a">Bers, Günter</subfield>
<subfield code="d">1940-</subfield>
<subfield code="e">Verfasser</subfield>
<subfield code="4">aut</subfield>
<subfield code="2">gnd</subfield>
</datafield>
<datafield ind1="1" ind2="0" tag="245">
<subfield code="a">Die Allianz Frankreich - Kleve während des Geldrischen Krieges &lt;Jülich'sche Fehde&gt; &lt;1539-1543&gt;</subfield>
<subfield code="b">Urkunden u. Korrespondenzen</subfield>
<subfield code="c">Günter Ernst Bers</subfield>
</datafield>
<datafield ind1=" " ind2="1" tag="264">
<subfield code="a">Bonn</subfield>
<subfield code="c">1968</subfield>
</datafield>
<datafield ind1=" " ind2=" " tag="300">
<subfield code="a">410 S., Anh.</subfield>
<subfield code="c">8</subfield>
</datafield>
<datafield ind1=" " ind2=" " tag="336">
<subfield code="a">Text</subfield>
<subfield code="b">txt</subfield>
<subfield code="2">rdacontent</subfield>
</datafield>
<datafield ind1=" " ind2=" " tag="337">
<subfield code="a">ohne Hilfsmittel zu benutzen</subfield>
<subfield code="b">n</subfield>
<subfield code="2">rdamedia</subfield>
</datafield>
<datafield ind1=" " ind2=" " tag="338">
<subfield code="a">Band</subfield>
<subfield code="b">nc</subfield>
<subfield code="2">rdacarrier</subfield>
</datafield>
<datafield ind1=" " ind2=" " tag="366">
<subfield code="c">OP 20221007</subfield>
<subfield code="2">onixas</subfield>
</datafield>
<datafield ind1=" " ind2=" " tag="502">
<subfield code="a">Bonn, Phil. F., Diss. v. 22. Mai 1968</subfield>
<subfield code="o">U 68.2331</subfield>
</datafield>
<datafield ind1=" " ind2="7" tag="655">
<subfield code="0">(DE-588)4113937-9</subfield>
<subfield code="0">https://d-nb.info/gnd/4113937-9</subfield>
<subfield code="0">(DE-101)041139372</subfield>
<subfield code="a">Hochschulschrift</subfield>
<subfield code="2">gnd-content</subfield>
</datafield>
<datafield ind1=" " ind2=" " tag="850">
<subfield code="a">DE-101a</subfield>
<subfield code="a">DE-101b</subfield>
</datafield>
<datafield ind1="4" ind2="2" tag="856">
<subfield code="m">B:DE-101</subfield>
<subfield code="q">application/pdf</subfield>
<subfield code="u">https://d-nb.info/481508074/04</subfield>
<subfield code="3">Inhaltsverzeichnis</subfield>
</datafield>
<datafield ind1="r" ind2=" " tag="925">
<subfield code="a">rh</subfield>
</datafield>
</record>