<record type="Bibliographic" xmlns="http://www.loc.gov/MARC21/slim">
<leader>00000nam a2200000 cc4500</leader>
<controlfield tag="001">455658161</controlfield>
<controlfield tag="003">DE-101</controlfield>
<controlfield tag="005">20210426173110.0</controlfield>
<controlfield tag="007">tu</controlfield>
<controlfield tag="008">941115s1966    gw ||||| |||| 00||||ger  </controlfield>
<datafield ind1="7" ind2=" " tag="016">
<subfield code="2">DE-101</subfield>
<subfield code="a">455658161</subfield>
</datafield>
<datafield ind1=" " ind2=" " tag="020">
<subfield code="c">geh. : je -.70</subfield>
</datafield>
<datafield ind1=" " ind2=" " tag="035">
<subfield code="a">(DE-599)DNB455658161</subfield>
</datafield>
<datafield ind1=" " ind2=" " tag="035">
<subfield code="a">(OCoLC)73590901</subfield>
</datafield>
<datafield ind1=" " ind2=" " tag="040">
<subfield code="a">1200</subfield>
<subfield code="b">ger</subfield>
<subfield code="c">DE-101</subfield>
<subfield code="d">1215</subfield>
</datafield>
<datafield ind1=" " ind2=" " tag="041">
<subfield code="a">ger</subfield>
</datafield>
<datafield ind1=" " ind2=" " tag="044">
<subfield code="c">XA-DE</subfield>
</datafield>
<datafield ind1="0" ind2="0" tag="245">
<subfield code="a">Bastei Wildwest-Roman</subfield>
<subfield code="n">Bd. 248.</subfield>
<subfield code="p">Am Tag der rauhen Fehde / Lex Lane</subfield>
</datafield>
<datafield ind1="3" ind2="1" tag="264">
<subfield code="a">Bergisch Gladbach</subfield>
<subfield code="b">Bastei-Verl.</subfield>
<subfield code="c">[1966]</subfield>
</datafield>
<datafield ind1=" " ind2=" " tag="300">
<subfield code="a">66 S.</subfield>
</datafield>
<datafield ind1=" " ind2=" " tag="336">
<subfield code="a">Text</subfield>
<subfield code="b">txt</subfield>
<subfield code="2">rdacontent</subfield>
</datafield>
<datafield ind1=" " ind2=" " tag="337">
<subfield code="a">ohne Hilfsmittel zu benutzen</subfield>
<subfield code="b">n</subfield>
<subfield code="2">rdamedia</subfield>
</datafield>
<datafield ind1=" " ind2=" " tag="338">
<subfield code="a">Band</subfield>
<subfield code="b">nc</subfield>
<subfield code="2">rdacarrier</subfield>
</datafield>
<datafield ind1=" " ind2=" " tag="366">
<subfield code="c">CS 20220902</subfield>
<subfield code="2">onixas</subfield>
</datafield>
<datafield ind1="1" ind2=" " tag="700">
<subfield code="0">(DE-588)121065790</subfield>
<subfield code="0">https://d-nb.info/gnd/121065790</subfield>
<subfield code="0">(DE-101)121065790</subfield>
<subfield code="a">Lane, Lex</subfield>
<subfield code="e">Mitwirkender</subfield>
<subfield code="4">ctb</subfield>
<subfield code="2">gnd</subfield>
</datafield>
<datafield ind1="0" ind2="8" tag="773">
<subfield code="q">3248</subfield>
<subfield code="w">(DE-101)455657645</subfield>
</datafield>
<datafield ind1=" " ind2=" " tag="850">
<subfield code="a">DE-101b</subfield>
</datafield>
</record>