<record type="Bibliographic" xmlns="http://www.loc.gov/MARC21/slim">
<leader>00000nab a2200000 cc4500</leader>
<controlfield tag="001">458354007</controlfield>
<controlfield tag="003">DE-101</controlfield>
<controlfield tag="005">20240924142512.0</controlfield>
<controlfield tag="007">tu</controlfield>
<controlfield tag="008">941115s1966    gw u||p|  ||| 0||||1ger  </controlfield>
<datafield ind1="7" ind2=" " tag="016">
<subfield code="2">DE-101</subfield>
<subfield code="a">458354007</subfield>
</datafield>
<datafield ind1=" " ind2=" " tag="035">
<subfield code="a">(DE-599)DNB458354007</subfield>
</datafield>
<datafield ind1=" " ind2=" " tag="035">
<subfield code="a">(OCoLC)73896440</subfield>
</datafield>
<datafield ind1=" " ind2=" " tag="040">
<subfield code="a">1200</subfield>
<subfield code="b">ger</subfield>
<subfield code="c">DE-101</subfield>
<subfield code="d">1140</subfield>
</datafield>
<datafield ind1=" " ind2=" " tag="041">
<subfield code="a">ger</subfield>
</datafield>
<datafield ind1=" " ind2=" " tag="044">
<subfield code="c">XA-DE</subfield>
</datafield>
<datafield ind1="0" ind2="0" tag="245">
<subfield code="a">Top-Western</subfield>
<subfield code="n">189.</subfield>
<subfield code="p">Titanen-Fehde / G. F. Unger</subfield>
</datafield>
<datafield ind1="3" ind2="1" tag="264">
<subfield code="a">Castrop-Rauxel</subfield>
<subfield code="b">Indra Verl.</subfield>
<subfield code="c">[1966]</subfield>
</datafield>
<datafield ind1=" " ind2=" " tag="300">
<subfield code="a">63 S.</subfield>
</datafield>
<datafield ind1=" " ind2=" " tag="336">
<subfield code="a">Text</subfield>
<subfield code="b">txt</subfield>
<subfield code="2">rdacontent</subfield>
</datafield>
<datafield ind1=" " ind2=" " tag="337">
<subfield code="a">ohne Hilfsmittel zu benutzen</subfield>
<subfield code="b">n</subfield>
<subfield code="2">rdamedia</subfield>
</datafield>
<datafield ind1=" " ind2=" " tag="338">
<subfield code="a">Band</subfield>
<subfield code="b">nc</subfield>
<subfield code="2">rdacarrier</subfield>
</datafield>
<datafield ind1=" " ind2=" " tag="366">
<subfield code="c">CS 20220902</subfield>
<subfield code="2">onixas</subfield>
</datafield>
<datafield ind1="1" ind2=" " tag="700">
<subfield code="0">(DE-588)104694912</subfield>
<subfield code="0">https://d-nb.info/gnd/104694912</subfield>
<subfield code="0">(DE-101)104694912</subfield>
<subfield code="a">Unger, Gert F.</subfield>
<subfield code="d">1921-2005</subfield>
<subfield code="e">Mitwirkender</subfield>
<subfield code="4">ctb</subfield>
<subfield code="2">gnd</subfield>
</datafield>
<datafield ind1="0" ind2="8" tag="773">
<subfield code="q">3189</subfield>
<subfield code="w">(DE-101)455091722</subfield>
</datafield>
<datafield ind1="0" ind2="8" tag="776">
<subfield code="i">Elektronische Reproduktion</subfield>
<subfield code="t">Top-Western</subfield>
<subfield code="d">Castrop-Rauxel : Indra Verl., [1963-1969]</subfield>
<subfield code="h">1 Online-Ressource (63 S.)</subfield>
<subfield code="w">(DE-600)3197377-2</subfield>
<subfield code="w">(DE-101)1343022444</subfield>
</datafield>
<datafield ind1=" " ind2=" " tag="850">
<subfield code="a">DE-101a</subfield>
<subfield code="a">DE-101b</subfield>
</datafield>
</record>