<record type="Bibliographic" xmlns="http://www.loc.gov/MARC21/slim">
<leader>00000nam a2200000 c 4500</leader>
<controlfield tag="001">780095421</controlfield>
<controlfield tag="003">DE-101</controlfield>
<controlfield tag="005">20230811200155.0</controlfield>
<controlfield tag="007">tu</controlfield>
<controlfield tag="008">780103s1965    xx ||||| |||| 00||||ger  </controlfield>
<datafield ind1=" " ind2=" " tag="015">
<subfield code="a">78,A09,0774</subfield>
<subfield code="2">dnb</subfield>
</datafield>
<datafield ind1="7" ind2=" " tag="016">
<subfield code="2">DE-101</subfield>
<subfield code="a">780095421</subfield>
</datafield>
<datafield ind1=" " ind2=" " tag="020">
<subfield code="c">kart. : sfr 21.00</subfield>
</datafield>
<datafield ind1=" " ind2=" " tag="035">
<subfield code="a">(DE-599)DNB780095421</subfield>
</datafield>
<datafield ind1=" " ind2=" " tag="035">
<subfield code="a">(OCoLC)310575372</subfield>
</datafield>
<datafield ind1=" " ind2=" " tag="040">
<subfield code="a">1200</subfield>
<subfield code="b">ger</subfield>
<subfield code="c">DE-101</subfield>
<subfield code="d">9999</subfield>
</datafield>
<datafield ind1=" " ind2=" " tag="041">
<subfield code="a">ger</subfield>
</datafield>
<datafield ind1=" " ind2=" " tag="044">
<subfield code="c">ZZ</subfield>
</datafield>
<datafield ind1=" " ind2=" " tag="084">
<subfield code="a">14a</subfield>
<subfield code="a">390</subfield>
<subfield code="a">900</subfield>
<subfield code="a">910</subfield>
<subfield code="a">914.3</subfield>
<subfield code="a">920</subfield>
<subfield code="a">930</subfield>
<subfield code="a">940</subfield>
<subfield code="a">943</subfield>
<subfield code="a">950</subfield>
<subfield code="a">960</subfield>
<subfield code="a">970</subfield>
<subfield code="a">980</subfield>
<subfield code="a">990</subfield>
<subfield code="q">DE-101</subfield>
<subfield code="2">sdnb</subfield>
</datafield>
<datafield ind1="1" ind2=" " tag="100">
<subfield code="8">1\p</subfield>
<subfield code="a">Rendenbach, Karl Hans</subfield>
<subfield code="e">Verfasser</subfield>
<subfield code="4">aut</subfield>
</datafield>
<datafield ind1="1" ind2="0" tag="245">
<subfield code="a">Die Fehde Franz von Sickingens gegen Trier</subfield>
<subfield code="c">von Karl Hans Rendenbach</subfield>
</datafield>
<datafield ind1=" " ind2=" " tag="250">
<subfield code="a">Nachdr. [d. Ausg.] Berlin, Ebering, 1933</subfield>
</datafield>
<datafield ind1=" " ind2=" " tag="259">
<subfield code="a">ndr</subfield>
</datafield>
<datafield ind1=" " ind2="1" tag="264">
<subfield code="a">Vaduz</subfield>
<subfield code="b">Kraus</subfield>
<subfield code="c">1965</subfield>
</datafield>
<datafield ind1=" " ind2=" " tag="300">
<subfield code="a">116 S.</subfield>
<subfield code="c">23 cm</subfield>
</datafield>
<datafield ind1=" " ind2=" " tag="336">
<subfield code="a">Text</subfield>
<subfield code="b">txt</subfield>
<subfield code="2">rdacontent</subfield>
</datafield>
<datafield ind1=" " ind2=" " tag="337">
<subfield code="a">ohne Hilfsmittel zu benutzen</subfield>
<subfield code="b">n</subfield>
<subfield code="2">rdamedia</subfield>
</datafield>
<datafield ind1=" " ind2=" " tag="338">
<subfield code="a">Band</subfield>
<subfield code="b">nc</subfield>
<subfield code="2">rdacarrier</subfield>
</datafield>
<datafield ind1="1" ind2=" " tag="490">
<subfield code="a">Historische Studien</subfield>
<subfield code="v">H. 224</subfield>
</datafield>
<datafield ind1=" " ind2=" " tag="500">
<subfield code="a">Lizenz d. Matthiesen-Verl., Lübeck.</subfield>
</datafield>
<datafield ind1="1" ind2="7" tag="600">
<subfield code="a">Sickingen, Franz von</subfield>
<subfield code="2">local</subfield>
</datafield>
<datafield ind1="1" ind2="7" tag="600">
<subfield code="8">2\p</subfield>
<subfield code="0">(DE-588)118613898</subfield>
<subfield code="0">https://d-nb.info/gnd/118613898</subfield>
<subfield code="0">(DE-101)118613898</subfield>
<subfield code="a">Sickingen, Franz von</subfield>
<subfield code="d">1481-1523</subfield>
<subfield code="2">gnd</subfield>
</datafield>
<datafield ind1=" " ind2="7" tag="650">
<subfield code="a">Fehde</subfield>
<subfield code="2">local</subfield>
</datafield>
<datafield ind1=" " ind2="7" tag="650">
<subfield code="8">4\p</subfield>
<subfield code="0">(DE-588)4153827-4</subfield>
<subfield code="0">https://d-nb.info/gnd/4153827-4</subfield>
<subfield code="0">(DE-101)041538277</subfield>
<subfield code="a">Fehde</subfield>
<subfield code="2">gnd</subfield>
</datafield>
<datafield ind1=" " ind2="7" tag="651">
<subfield code="a">Trier</subfield>
<subfield code="2">local</subfield>
</datafield>
<datafield ind1=" " ind2="7" tag="651">
<subfield code="a">Trier &lt;Bistum, Erzbistum&gt;</subfield>
<subfield code="2">local</subfield>
</datafield>
<datafield ind1=" " ind2="7" tag="651">
<subfield code="8">3\p</subfield>
<subfield code="0">(DE-588)4060877-3</subfield>
<subfield code="0">https://d-nb.info/gnd/4060877-3</subfield>
<subfield code="0">(DE-101)040608778</subfield>
<subfield code="a">Trier</subfield>
<subfield code="2">gnd</subfield>
</datafield>
<datafield ind1=" " ind2="0" tag="830">
<subfield code="a">Historische Studien</subfield>
<subfield code="v">H. 224</subfield>
<subfield code="9">3224</subfield>
</datafield>
<datafield ind1=" " ind2=" " tag="850">
<subfield code="a">DE-101b</subfield>
</datafield>
<datafield ind1="4" ind2="2" tag="856">
<subfield code="m">V:DE-605</subfield>
<subfield code="q">application/pdf</subfield>
<subfield code="u">https://d-nb.info/780095421/04</subfield>
<subfield code="3">Inhaltsverzeichnis</subfield>
</datafield>
<datafield ind1="2" ind2=" " tag="883">
<subfield code="8">1\p</subfield>
<subfield code="a">dnb</subfield>
<subfield code="d">20200613</subfield>
<subfield code="q">DE-101</subfield>
<subfield code="u">https://d-nb.info/provenance/plan#dnb</subfield>
</datafield>
<datafield ind1="1" ind2=" " tag="883">
<subfield code="8">2\p</subfield>
<subfield code="a">kasw</subfield>
<subfield code="c">1,000</subfield>
<subfield code="d">20230811</subfield>
<subfield code="q">DE-101</subfield>
<subfield code="u">https://d-nb.info/provenance/plan#kasw</subfield>
</datafield>
<datafield ind1="1" ind2=" " tag="883">
<subfield code="8">3\p</subfield>
<subfield code="a">kasw</subfield>
<subfield code="c">1,000</subfield>
<subfield code="d">20230811</subfield>
<subfield code="q">DE-101</subfield>
<subfield code="u">https://d-nb.info/provenance/plan#kasw</subfield>
</datafield>
<datafield ind1="1" ind2=" " tag="883">
<subfield code="8">4\p</subfield>
<subfield code="a">kasw</subfield>
<subfield code="c">1,000</subfield>
<subfield code="d">20230811</subfield>
<subfield code="q">DE-101</subfield>
<subfield code="u">https://d-nb.info/provenance/plan#kasw</subfield>
</datafield>
</record>