<record type="Bibliographic" xmlns="http://www.loc.gov/MARC21/slim">
<leader>00000nam a2200000 cc4500</leader>
<controlfield tag="001">455488525</controlfield>
<controlfield tag="003">DE-101</controlfield>
<controlfield tag="005">20210423093858.0</controlfield>
<controlfield tag="007">tu</controlfield>
<controlfield tag="008">940816s1965    gw ||||| |||| 00||||ger  </controlfield>
<datafield ind1="7" ind2=" " tag="016">
<subfield code="2">DE-101</subfield>
<subfield code="a">455488525</subfield>
</datafield>
<datafield ind1=" " ind2=" " tag="020">
<subfield code="c">geh. : je -.70</subfield>
</datafield>
<datafield ind1=" " ind2=" " tag="035">
<subfield code="a">(DE-599)DNB455488525</subfield>
</datafield>
<datafield ind1=" " ind2=" " tag="035">
<subfield code="a">(OCoLC)73565810</subfield>
</datafield>
<datafield ind1=" " ind2=" " tag="040">
<subfield code="a">1200</subfield>
<subfield code="b">ger</subfield>
<subfield code="c">DE-101</subfield>
<subfield code="d">1215</subfield>
</datafield>
<datafield ind1=" " ind2=" " tag="041">
<subfield code="a">ger</subfield>
</datafield>
<datafield ind1=" " ind2=" " tag="044">
<subfield code="c">XA-DE</subfield>
</datafield>
<datafield ind1="0" ind2="0" tag="245">
<subfield code="a">Western-Express</subfield>
<subfield code="n">62.</subfield>
<subfield code="p">Die Kingsford-Fehde / H. C. Nagel</subfield>
</datafield>
<datafield ind1="3" ind2="1" tag="264">
<subfield code="a">Castrop-Rauxel</subfield>
<subfield code="b">Indra-Verl.</subfield>
<subfield code="c">1965</subfield>
</datafield>
<datafield ind1=" " ind2=" " tag="300">
<subfield code="a">64 S.</subfield>
</datafield>
<datafield ind1=" " ind2=" " tag="336">
<subfield code="a">Text</subfield>
<subfield code="b">txt</subfield>
<subfield code="2">rdacontent</subfield>
</datafield>
<datafield ind1=" " ind2=" " tag="337">
<subfield code="a">ohne Hilfsmittel zu benutzen</subfield>
<subfield code="b">n</subfield>
<subfield code="2">rdamedia</subfield>
</datafield>
<datafield ind1=" " ind2=" " tag="338">
<subfield code="a">Band</subfield>
<subfield code="b">nc</subfield>
<subfield code="2">rdacarrier</subfield>
</datafield>
<datafield ind1=" " ind2=" " tag="366">
<subfield code="c">CS 20150412</subfield>
<subfield code="2">onixas</subfield>
</datafield>
<datafield ind1="1" ind2=" " tag="700">
<subfield code="0">(DE-588)1211692507</subfield>
<subfield code="0">https://d-nb.info/gnd/1211692507</subfield>
<subfield code="0">(DE-101)1211692507</subfield>
<subfield code="a">Nagel, H. C.</subfield>
<subfield code="d">1924-2016</subfield>
<subfield code="e">Mitwirkender</subfield>
<subfield code="4">ctb</subfield>
<subfield code="2">gnd</subfield>
</datafield>
<datafield ind1="0" ind2="8" tag="773">
<subfield code="q">262</subfield>
<subfield code="w">(DE-101)455487839</subfield>
</datafield>
<datafield ind1=" " ind2=" " tag="850">
<subfield code="a">DE-101a</subfield>
<subfield code="a">DE-101b</subfield>
</datafield>
</record>