<record type="Bibliographic" xmlns="http://www.loc.gov/MARC21/slim">
<leader>00000nam a2200000 cc4500</leader>
<controlfield tag="001">451825780</controlfield>
<controlfield tag="003">DE-101</controlfield>
<controlfield tag="005">20240326120801.0</controlfield>
<controlfield tag="007">tu</controlfield>
<controlfield tag="008">950125s1965    gw ||||| |||| 00||||ger  </controlfield>
<datafield ind1="7" ind2=" " tag="016">
<subfield code="2">DE-101</subfield>
<subfield code="a">451825780</subfield>
</datafield>
<datafield ind1=" " ind2=" " tag="035">
<subfield code="a">(DE-599)DNB451825780</subfield>
</datafield>
<datafield ind1=" " ind2=" " tag="035">
<subfield code="a">(OCoLC)310768566</subfield>
</datafield>
<datafield ind1=" " ind2=" " tag="035">
<subfield code="a">(OCoLC)73433850</subfield>
</datafield>
<datafield ind1=" " ind2=" " tag="040">
<subfield code="a">1200</subfield>
<subfield code="b">ger</subfield>
<subfield code="c">DE-101</subfield>
<subfield code="d">0292</subfield>
</datafield>
<datafield ind1=" " ind2=" " tag="041">
<subfield code="a">ger</subfield>
</datafield>
<datafield ind1=" " ind2=" " tag="044">
<subfield code="c">XA-DE</subfield>
</datafield>
<datafield ind1="1" ind2=" " tag="100">
<subfield code="0">(DE-588)11893547X</subfield>
<subfield code="0">https://d-nb.info/gnd/11893547X</subfield>
<subfield code="0">(DE-101)11893547X</subfield>
<subfield code="a">Hansen, Joseph</subfield>
<subfield code="d">1862-1943</subfield>
<subfield code="e">Verfasser</subfield>
<subfield code="4">aut</subfield>
<subfield code="2">gnd</subfield>
</datafield>
<datafield ind1="1" ind2="0" tag="245">
<subfield code="a">Westfalen und Rheinland im 15. Jahrhundert</subfield>
<subfield code="n">Bd. 1.</subfield>
<subfield code="p">Die Soester Fehde</subfield>
<subfield code="c">Joseph Hansen</subfield>
</datafield>
<datafield ind1=" " ind2=" " tag="250">
<subfield code="a">Neudr. d. Ausg. 1888</subfield>
</datafield>
<datafield ind1=" " ind2=" " tag="259">
<subfield code="a">ndr</subfield>
</datafield>
<datafield ind1="3" ind2="1" tag="264">
<subfield code="a">Osnabrück</subfield>
<subfield code="b">Zeller</subfield>
<subfield code="c">1965</subfield>
</datafield>
<datafield ind1=" " ind2=" " tag="300">
<subfield code="a">VIII, 484 S.</subfield>
</datafield>
<datafield ind1=" " ind2=" " tag="336">
<subfield code="a">Text</subfield>
<subfield code="b">txt</subfield>
<subfield code="2">rdacontent</subfield>
</datafield>
<datafield ind1=" " ind2=" " tag="337">
<subfield code="a">ohne Hilfsmittel zu benutzen</subfield>
<subfield code="b">n</subfield>
<subfield code="2">rdamedia</subfield>
</datafield>
<datafield ind1=" " ind2=" " tag="338">
<subfield code="a">Band</subfield>
<subfield code="b">nc</subfield>
<subfield code="2">rdacarrier</subfield>
</datafield>
<datafield ind1=" " ind2=" " tag="366">
<subfield code="c">CS 20150412</subfield>
<subfield code="2">onixas</subfield>
</datafield>
<datafield ind1="1" ind2=" " tag="490">
<subfield code="a">Publikationen aus den k. preußischen Staatsarchiven</subfield>
<subfield code="v">Bd. 34</subfield>
</datafield>
<datafield ind1="0" ind2="8" tag="773">
<subfield code="q">11</subfield>
<subfield code="w">(DE-101)451825772</subfield>
</datafield>
<datafield ind1=" " ind2="0" tag="830">
<subfield code="a">Publikationen aus den k. preußischen Staatsarchiven</subfield>
<subfield code="v">Bd. 34</subfield>
<subfield code="w">(DE-101)012633615</subfield>
<subfield code="w">(DE-600)503432-2</subfield>
<subfield code="9">234</subfield>
<subfield code="7">as</subfield>
</datafield>
<datafield ind1=" " ind2=" " tag="850">
<subfield code="a">DE-101a</subfield>
<subfield code="a">DE-101b</subfield>
</datafield>
<datafield ind1="4" ind2="2" tag="856">
<subfield code="m">B:DE-101</subfield>
<subfield code="q">application/pdf</subfield>
<subfield code="u">https://d-nb.info/451825780/04</subfield>
<subfield code="3">Inhaltsverzeichnis</subfield>
</datafield>
</record>