<record type="Bibliographic" xmlns="http://www.loc.gov/MARC21/slim">
<leader>00000nam a2200000 cb4500</leader>
<controlfield tag="001">364536810</controlfield>
<controlfield tag="003">DE-101</controlfield>
<controlfield tag="005">20230925090955.0</controlfield>
<controlfield tag="007">tu</controlfield>
<controlfield tag="008">030321s1964    gw ||||| |||| 00||||ger  </controlfield>
<datafield ind1=" " ind2=" " tag="015">
<subfield code="a">00,L01</subfield>
<subfield code="2">dnb</subfield>
</datafield>
<datafield ind1="7" ind2=" " tag="016">
<subfield code="2">DE-101</subfield>
<subfield code="a">364536810</subfield>
</datafield>
<datafield ind1=" " ind2=" " tag="020">
<subfield code="c">-.70</subfield>
</datafield>
<datafield ind1=" " ind2=" " tag="035">
<subfield code="a">(DE-599)DNB364536810</subfield>
</datafield>
<datafield ind1=" " ind2=" " tag="035">
<subfield code="a">(OCoLC)72950230</subfield>
</datafield>
<datafield ind1=" " ind2=" " tag="040">
<subfield code="a">1140</subfield>
<subfield code="b">ger</subfield>
<subfield code="c">DE-101</subfield>
<subfield code="d">1140</subfield>
</datafield>
<datafield ind1=" " ind2=" " tag="041">
<subfield code="a">ger</subfield>
</datafield>
<datafield ind1=" " ind2=" " tag="044">
<subfield code="c">XA-DE</subfield>
</datafield>
<datafield ind1="1" ind2=" " tag="100">
<subfield code="0">(DE-588)1196814252</subfield>
<subfield code="0">https://d-nb.info/gnd/1196814252</subfield>
<subfield code="0">(DE-101)1196814252</subfield>
<subfield code="a">Robinson, Bill</subfield>
<subfield code="d">1928-</subfield>
<subfield code="e">Verfasser</subfield>
<subfield code="4">aut</subfield>
<subfield code="2">gnd</subfield>
</datafield>
<datafield ind1="1" ind2="0" tag="245">
<subfield code="a">Blutige Fehde am Blue Canyon</subfield>
<subfield code="c">Bill Robinson</subfield>
</datafield>
<datafield ind1=" " ind2="1" tag="264">
<subfield code="a">Köln</subfield>
<subfield code="b">Marken</subfield>
<subfield code="c">1964</subfield>
</datafield>
<datafield ind1=" " ind2=" " tag="300">
<subfield code="a">66 S.</subfield>
<subfield code="c">8</subfield>
</datafield>
<datafield ind1=" " ind2=" " tag="336">
<subfield code="a">Text</subfield>
<subfield code="b">txt</subfield>
<subfield code="2">rdacontent</subfield>
</datafield>
<datafield ind1=" " ind2=" " tag="337">
<subfield code="a">ohne Hilfsmittel zu benutzen</subfield>
<subfield code="b">n</subfield>
<subfield code="2">rdamedia</subfield>
</datafield>
<datafield ind1=" " ind2=" " tag="338">
<subfield code="a">Band</subfield>
<subfield code="b">nc</subfield>
<subfield code="2">rdacarrier</subfield>
</datafield>
<datafield ind1=" " ind2=" " tag="366">
<subfield code="c">OP 20150504</subfield>
<subfield code="2">onixas</subfield>
</datafield>
<datafield ind1="1" ind2=" " tag="490">
<subfield code="a">Westmann</subfield>
<subfield code="v">1076</subfield>
</datafield>
<datafield ind1="0" ind2="8" tag="776">
<subfield code="i">Elektronische Reproduktion</subfield>
<subfield code="a">Robinson, Bill, 1928-</subfield>
<subfield code="t">Blutige Fehde am Blue Canyon</subfield>
<subfield code="d">Leipzig ; Frankfurt am Main : Deutsche Nationalbibliothek, 2023</subfield>
<subfield code="h">1 Online-Ressource (66 S.)</subfield>
<subfield code="w">(DE-101)130383068X</subfield>
</datafield>
<datafield ind1=" " ind2="0" tag="830">
<subfield code="a">Westmann</subfield>
<subfield code="v">1076</subfield>
<subfield code="w">(DE-101)540245798</subfield>
<subfield code="w">(DE-600)3065365-4</subfield>
<subfield code="9">41076</subfield>
<subfield code="7">as</subfield>
</datafield>
<datafield ind1=" " ind2=" " tag="850">
<subfield code="a">DE-101a</subfield>
</datafield>
</record>