<record type="Bibliographic" xmlns="http://www.loc.gov/MARC21/slim">
<leader>00000nam a2200000 c 4500</leader>
<controlfield tag="001">363311998</controlfield>
<controlfield tag="003">DE-101</controlfield>
<controlfield tag="005">20190219184057.0</controlfield>
<controlfield tag="007">tu</controlfield>
<controlfield tag="008">030228s1963    gw ||||| |||| 00||||ger  </controlfield>
<datafield ind1=" " ind2=" " tag="015">
<subfield code="a">00,L01</subfield>
<subfield code="2">dnb</subfield>
</datafield>
<datafield ind1="7" ind2=" " tag="016">
<subfield code="2">DE-101</subfield>
<subfield code="a">363311998</subfield>
</datafield>
<datafield ind1=" " ind2=" " tag="020">
<subfield code="c">-.70</subfield>
</datafield>
<datafield ind1=" " ind2=" " tag="035">
<subfield code="a">(DE-599)DNB363311998</subfield>
</datafield>
<datafield ind1=" " ind2=" " tag="035">
<subfield code="a">(OCoLC)72819270</subfield>
</datafield>
<datafield ind1=" " ind2=" " tag="040">
<subfield code="a">1140</subfield>
<subfield code="b">ger</subfield>
<subfield code="c">DE-101</subfield>
<subfield code="d">9999</subfield>
</datafield>
<datafield ind1=" " ind2=" " tag="041">
<subfield code="a">ger</subfield>
</datafield>
<datafield ind1=" " ind2=" " tag="044">
<subfield code="c">XA-DE</subfield>
</datafield>
<datafield ind1="7" ind2="4" tag="082">
<subfield code="a">830</subfield>
<subfield code="a">B</subfield>
<subfield code="q">DE-101</subfield>
<subfield code="2">22sdnb</subfield>
</datafield>
<datafield ind1="1" ind2=" " tag="100">
<subfield code="0">(DE-588)120553694</subfield>
<subfield code="0">https://d-nb.info/gnd/120553694</subfield>
<subfield code="0">(DE-101)120553694</subfield>
<subfield code="a">Duff, Howard</subfield>
<subfield code="e">Verfasser</subfield>
<subfield code="4">aut</subfield>
<subfield code="2">gnd</subfield>
</datafield>
<datafield ind1="1" ind2="0" tag="245">
<subfield code="a">Fehde der Grossen</subfield>
<subfield code="c">Howard Duff</subfield>
</datafield>
<datafield ind1=" " ind2="1" tag="264">
<subfield code="a">Bergisch-Gladbach</subfield>
<subfield code="b">Bastei-Verl. Lübbe</subfield>
<subfield code="c">[1963]</subfield>
</datafield>
<datafield ind1=" " ind2=" " tag="300">
<subfield code="a">66 S.</subfield>
<subfield code="c">8</subfield>
</datafield>
<datafield ind1=" " ind2=" " tag="336">
<subfield code="a">Text</subfield>
<subfield code="b">txt</subfield>
<subfield code="2">rdacontent</subfield>
</datafield>
<datafield ind1=" " ind2=" " tag="337">
<subfield code="a">ohne Hilfsmittel zu benutzen</subfield>
<subfield code="b">n</subfield>
<subfield code="2">rdamedia</subfield>
</datafield>
<datafield ind1=" " ind2=" " tag="338">
<subfield code="a">Band</subfield>
<subfield code="b">nc</subfield>
<subfield code="2">rdacarrier</subfield>
</datafield>
<datafield ind1=" " ind2=" " tag="366">
<subfield code="c">OP 20190219</subfield>
<subfield code="2">onixas</subfield>
</datafield>
<datafield ind1="1" ind2=" " tag="490">
<subfield code="a">Bastei-Wildwest-Roman</subfield>
<subfield code="v">So. Ausg. 96</subfield>
</datafield>
<datafield ind1=" " ind2="0" tag="830">
<subfield code="a">Bastei-Wildwest-Roman</subfield>
<subfield code="v">So. Ausg. 96</subfield>
<subfield code="9">so296</subfield>
</datafield>
<datafield ind1=" " ind2=" " tag="850">
<subfield code="a">DE-101a</subfield>
</datafield>
</record>