<record type="Bibliographic" xmlns="http://www.loc.gov/MARC21/slim">
<leader>00000nam a2200000 c 4500</leader>
<controlfield tag="001">453618839</controlfield>
<controlfield tag="003">DE-101</controlfield>
<controlfield tag="005">20210217184009.0</controlfield>
<controlfield tag="007">tu</controlfield>
<controlfield tag="008">950206s1961    gw ||||| |||| 00||||ger  </controlfield>
<datafield ind1="7" ind2=" " tag="016">
<subfield code="2">DE-101</subfield>
<subfield code="a">453618839</subfield>
</datafield>
<datafield ind1=" " ind2=" " tag="020">
<subfield code="c">brosch. : 28.-</subfield>
</datafield>
<datafield ind1=" " ind2=" " tag="035">
<subfield code="a">(DE-599)DNB453618839</subfield>
</datafield>
<datafield ind1=" " ind2=" " tag="035">
<subfield code="a">(OCoLC)73599436</subfield>
</datafield>
<datafield ind1=" " ind2=" " tag="040">
<subfield code="a">1200</subfield>
<subfield code="b">ger</subfield>
<subfield code="c">DE-101</subfield>
<subfield code="d">9999</subfield>
</datafield>
<datafield ind1=" " ind2=" " tag="041">
<subfield code="a">ger</subfield>
</datafield>
<datafield ind1=" " ind2=" " tag="044">
<subfield code="c">XA-DE</subfield>
</datafield>
<datafield ind1=" " ind2=" " tag="084">
<subfield code="a">14a</subfield>
<subfield code="a">04a</subfield>
<subfield code="a">390</subfield>
<subfield code="a">900</subfield>
<subfield code="a">910</subfield>
<subfield code="a">914.3</subfield>
<subfield code="a">920</subfield>
<subfield code="a">930</subfield>
<subfield code="a">940</subfield>
<subfield code="a">943</subfield>
<subfield code="a">950</subfield>
<subfield code="a">960</subfield>
<subfield code="a">970</subfield>
<subfield code="a">980</subfield>
<subfield code="a">990</subfield>
<subfield code="q">DE-101</subfield>
<subfield code="2">sdnb</subfield>
</datafield>
<datafield ind1="1" ind2=" " tag="100">
<subfield code="8">1\p</subfield>
<subfield code="0">(DE-588)172292603</subfield>
<subfield code="0">https://d-nb.info/gnd/172292603</subfield>
<subfield code="0">(DE-101)172292603</subfield>
<subfield code="a">Obenaus, Herbert</subfield>
<subfield code="d">1931-2021</subfield>
<subfield code="e">Verfasser</subfield>
<subfield code="4">aut</subfield>
<subfield code="2">gnd</subfield>
</datafield>
<datafield ind1="1" ind2="0" tag="245">
<subfield code="a">Recht und Verfassung der Gesellschaften mit St. Jörgenschild in Schwaben</subfield>
<subfield code="b">Untersuchungen über Adel, Einung, Schiedsgericht u. Fehde im 15. Jahrhundert</subfield>
<subfield code="c">Herbert Obenaus</subfield>
</datafield>
<datafield ind1=" " ind2="1" tag="264">
<subfield code="a">Göttingen</subfield>
<subfield code="b">Vandenhoeck &amp; Ruprecht</subfield>
<subfield code="c">1961</subfield>
</datafield>
<datafield ind1=" " ind2=" " tag="300">
<subfield code="a">265 S.</subfield>
<subfield code="c">4</subfield>
</datafield>
<datafield ind1=" " ind2=" " tag="336">
<subfield code="a">Text</subfield>
<subfield code="b">txt</subfield>
<subfield code="2">rdacontent</subfield>
</datafield>
<datafield ind1=" " ind2=" " tag="337">
<subfield code="a">ohne Hilfsmittel zu benutzen</subfield>
<subfield code="b">n</subfield>
<subfield code="2">rdamedia</subfield>
</datafield>
<datafield ind1=" " ind2=" " tag="338">
<subfield code="a">Band</subfield>
<subfield code="b">nc</subfield>
<subfield code="2">rdacarrier</subfield>
</datafield>
<datafield ind1=" " ind2=" " tag="366">
<subfield code="c">OP 20210217</subfield>
<subfield code="2">onixas</subfield>
</datafield>
<datafield ind1="1" ind2=" " tag="490">
<subfield code="a">Veröffentlichungen des Max-Planck-Instituts für Geschichte</subfield>
<subfield code="v">7</subfield>
</datafield>
<datafield ind1=" " ind2=" " tag="502">
<subfield code="a">Erschien auch als Diss., Göttingen</subfield>
</datafield>
<datafield ind1="2" ind2=" " tag="810">
<subfield code="a">Max-Planck-Institut für Geschichte</subfield>
<subfield code="4">aut</subfield>
<subfield code="t">Veröffentlichungen des Max-Planck-Instituts für Geschichte</subfield>
<subfield code="v">7</subfield>
<subfield code="w">(DE-101)010684891</subfield>
<subfield code="w">(DE-600)121375-1</subfield>
<subfield code="9">17</subfield>
<subfield code="7">as</subfield>
</datafield>
<datafield ind1=" " ind2=" " tag="850">
<subfield code="a">DE-101a</subfield>
<subfield code="a">DE-101b</subfield>
</datafield>
<datafield ind1="4" ind2="2" tag="856">
<subfield code="m">V:DE-605</subfield>
<subfield code="q">application/pdf</subfield>
<subfield code="u">https://d-nb.info/453618839/04</subfield>
<subfield code="3">Inhaltsverzeichnis</subfield>
</datafield>
<datafield ind1="2" ind2=" " tag="883">
<subfield code="8">1\p</subfield>
<subfield code="a">dnb</subfield>
<subfield code="d">20210217</subfield>
<subfield code="q">DE-101</subfield>
<subfield code="u">https://d-nb.info/provenance/plan#dnb</subfield>
</datafield>
</record>