<record type="Bibliographic" xmlns="http://www.loc.gov/MARC21/slim">
<leader>00000nam a2200000uc 4500</leader>
<controlfield tag="001">1298597692</controlfield>
<controlfield tag="003">DE-101</controlfield>
<controlfield tag="005">20240327080311.0</controlfield>
<controlfield tag="007">cr||||||||||||</controlfield>
<controlfield tag="008">230807s1961    gw |||||o|||| 00||||ger  </controlfield>
<datafield ind1="7" ind2=" " tag="016">
<subfield code="2">DE-101</subfield>
<subfield code="a">1298597692</subfield>
</datafield>
<datafield ind1="7" ind2=" " tag="024">
<subfield code="2">urn</subfield>
<subfield code="a">urn:nbn:de:bvb:12-bsb00122736-3</subfield>
</datafield>
<datafield ind1="8" ind2=" " tag="024">
<subfield code="a">ftbsbmuenchendc:oai:bdr.oai.bsb-muenchen.de:all:BDR-BV005656282-23533</subfield>
</datafield>
<datafield ind1=" " ind2=" " tag="035">
<subfield code="a">(DE-599)DNB1298597692</subfield>
</datafield>
<datafield ind1=" " ind2=" " tag="040">
<subfield code="a">1240</subfield>
<subfield code="b">ger</subfield>
<subfield code="c">DE-101</subfield>
<subfield code="d">9999</subfield>
</datafield>
<datafield ind1=" " ind2=" " tag="041">
<subfield code="8">1\p</subfield>
<subfield code="a">ger</subfield>
</datafield>
<datafield ind1=" " ind2=" " tag="044">
<subfield code="c">XA-DE</subfield>
</datafield>
<datafield ind1="1" ind2=" " tag="100">
<subfield code="8">2\p</subfield>
<subfield code="0">(DE-588)172292603</subfield>
<subfield code="0">https://d-nb.info/gnd/172292603</subfield>
<subfield code="0">(DE-101)172292603</subfield>
<subfield code="a">Obenaus, Herbert</subfield>
<subfield code="d">1931-2021</subfield>
<subfield code="e">Verfasser</subfield>
<subfield code="4">aut</subfield>
<subfield code="2">gnd</subfield>
</datafield>
<datafield ind1="1" ind2="0" tag="245">
<subfield code="a">Recht und Verfassung der Gesellschaften mit St. Jörgenschild in Schwaben : Untersuchungen über Adel, Einung, Schiedsgericht und Fehde im fünfzehnten Jahrhundert</subfield>
</datafield>
<datafield ind1=" " ind2="1" tag="264">
<subfield code="b">Göttingen : Vandenhoeck &amp; Ruprecht</subfield>
<subfield code="c">1961</subfield>
</datafield>
<datafield ind1=" " ind2=" " tag="300">
<subfield code="a">Online-Ressource</subfield>
</datafield>
<datafield ind1=" " ind2=" " tag="336">
<subfield code="a">Text</subfield>
<subfield code="b">txt</subfield>
<subfield code="2">rdacontent</subfield>
</datafield>
<datafield ind1=" " ind2=" " tag="337">
<subfield code="a">Computermedien</subfield>
<subfield code="b">c</subfield>
<subfield code="2">rdamedia</subfield>
</datafield>
<datafield ind1=" " ind2=" " tag="338">
<subfield code="a">Online-Ressource</subfield>
<subfield code="b">cr</subfield>
<subfield code="2">rdacarrier</subfield>
</datafield>
<datafield ind1=" " ind2=" " tag="500">
<subfield code="a">Datenlieferant: Bavarian Digital Repository (BDR - Bayerische Staatsbibliothek Munich, BSB)</subfield>
</datafield>
<datafield ind1="0" ind2=" " tag="506">
<subfield code="a">Open Access</subfield>
<subfield code="f">Unrestricted online access</subfield>
<subfield code="q">BASE</subfield>
<subfield code="u">http://purl.org/coar/access_right/c_abf2</subfield>
<subfield code="2">star</subfield>
</datafield>
<datafield ind1=" " ind2=" " tag="520">
<subfield code="a">von Herbert Obenaus ; Volltext // Exemplar mit der Signatur: München, Bayerische Staatsbibliothek -- Z 58.674-7</subfield>
</datafield>
<datafield ind1=" " ind2=" " tag="653">
<subfield code="a">Geschichte 1400-1500</subfield>
</datafield>
<datafield ind1=" " ind2=" " tag="653">
<subfield code="a">Geschichte 1406-1488</subfield>
</datafield>
<datafield ind1=" " ind2=" " tag="653">
<subfield code="a">Recht</subfield>
</datafield>
<datafield ind1=" " ind2=" " tag="653">
<subfield code="a">Fehde</subfield>
</datafield>
<datafield ind1=" " ind2=" " tag="653">
<subfield code="a">Verfassung</subfield>
</datafield>
<datafield ind1=" " ind2=" " tag="653">
<subfield code="a">Ritterbund</subfield>
</datafield>
<datafield ind1=" " ind2=" " tag="653">
<subfield code="a">Schwaben</subfield>
</datafield>
<datafield ind1="4" ind2="0" tag="856">
<subfield code="u">https://nbn-resolving.org/urn:nbn:de:bvb:12-bsb00122736-3</subfield>
<subfield code="x">Resolving-System</subfield>
</datafield>
<datafield ind1="1" ind2=" " tag="883">
<subfield code="8">1\p</subfield>
<subfield code="a">npi</subfield>
<subfield code="d">20230807</subfield>
<subfield code="q">DE-101</subfield>
<subfield code="u">https://d-nb.info/provenance/plan#npi</subfield>
</datafield>
<datafield ind1=" " ind2=" " tag="883">
<subfield code="8">2\p</subfield>
<subfield code="a">cgwrk</subfield>
<subfield code="d">20240327</subfield>
<subfield code="q">DE-101</subfield>
<subfield code="u">https://d-nb.info/provenance/plan#cgwrk</subfield>
</datafield>
<datafield ind1=" " ind2=" " tag="927">
<subfield code="a">785055750</subfield>
<subfield code="b">ftbsbmuenchendc</subfield>
</datafield>
</record>