<record type="Bibliographic" xmlns="http://www.loc.gov/MARC21/slim">
<leader>00000nam a2200000 cc4500</leader>
<controlfield tag="001">453684343</controlfield>
<controlfield tag="003">DE-101</controlfield>
<controlfield tag="005">20210421175939.0</controlfield>
<controlfield tag="007">tu</controlfield>
<controlfield tag="008">950206s1959    gw ||||| |||| 00||||ger  </controlfield>
<datafield ind1="7" ind2=" " tag="016">
<subfield code="2">DE-101</subfield>
<subfield code="a">453684343</subfield>
</datafield>
<datafield ind1=" " ind2=" " tag="035">
<subfield code="a">(DE-599)DNB453684343</subfield>
</datafield>
<datafield ind1=" " ind2=" " tag="035">
<subfield code="a">(OCoLC)73612012</subfield>
</datafield>
<datafield ind1=" " ind2=" " tag="040">
<subfield code="a">1200</subfield>
<subfield code="b">ger</subfield>
<subfield code="c">DE-101</subfield>
<subfield code="d">1215</subfield>
</datafield>
<datafield ind1=" " ind2=" " tag="041">
<subfield code="a">ger</subfield>
</datafield>
<datafield ind1=" " ind2=" " tag="044">
<subfield code="c">XA-DE</subfield>
</datafield>
<datafield ind1="0" ind2="0" tag="245">
<subfield code="a">Pabel-Western</subfield>
<subfield code="n">Grossband.</subfield>
<subfield code="n">Nr. 21.</subfield>
<subfield code="p">Gnadenlose Fehde / Hal G. Evarts</subfield>
</datafield>
<datafield ind1="3" ind2="1" tag="264">
<subfield code="a">Rastatt (Baden)</subfield>
<subfield code="b">Pabel</subfield>
<subfield code="c">[1959]</subfield>
</datafield>
<datafield ind1=" " ind2=" " tag="300">
<subfield code="a">96 S.</subfield>
</datafield>
<datafield ind1=" " ind2=" " tag="336">
<subfield code="a">Text</subfield>
<subfield code="b">txt</subfield>
<subfield code="2">rdacontent</subfield>
</datafield>
<datafield ind1=" " ind2=" " tag="337">
<subfield code="a">ohne Hilfsmittel zu benutzen</subfield>
<subfield code="b">n</subfield>
<subfield code="2">rdamedia</subfield>
</datafield>
<datafield ind1=" " ind2=" " tag="338">
<subfield code="a">Band</subfield>
<subfield code="b">nc</subfield>
<subfield code="2">rdacarrier</subfield>
</datafield>
<datafield ind1=" " ind2=" " tag="366">
<subfield code="c">CS 20150412</subfield>
<subfield code="2">onixas</subfield>
</datafield>
<datafield ind1="1" ind2=" " tag="700">
<subfield code="8">1\p</subfield>
<subfield code="a">Evarts, Hal G.</subfield>
<subfield code="e">Mitwirkender</subfield>
<subfield code="4">ctb</subfield>
</datafield>
<datafield ind1="0" ind2="8" tag="773">
<subfield code="q">gr 221</subfield>
<subfield code="w">(DE-101)453684238</subfield>
</datafield>
<datafield ind1=" " ind2=" " tag="850">
<subfield code="a">DE-101a</subfield>
<subfield code="a">DE-101b</subfield>
</datafield>
<datafield ind1="2" ind2=" " tag="883">
<subfield code="8">1\p</subfield>
<subfield code="a">dnb</subfield>
<subfield code="d">20200612</subfield>
<subfield code="q">DE-101</subfield>
<subfield code="u">https://d-nb.info/provenance/plan#dnb</subfield>
</datafield>
</record>