<record type="Bibliographic" xmlns="http://www.loc.gov/MARC21/slim">
<leader>00000nam a2200000 c 4500</leader>
<controlfield tag="001">452410878</controlfield>
<controlfield tag="003">DE-101</controlfield>
<controlfield tag="005">20210804171743.0</controlfield>
<controlfield tag="007">tu</controlfield>
<controlfield tag="008">950127s1958    gw ||||| |||| 00||||ger  </controlfield>
<datafield ind1="7" ind2=" " tag="016">
<subfield code="2">DE-101</subfield>
<subfield code="a">452410878</subfield>
</datafield>
<datafield ind1=" " ind2=" " tag="020">
<subfield code="c">kart. : 1.90</subfield>
</datafield>
<datafield ind1=" " ind2=" " tag="035">
<subfield code="a">(DE-599)DNB452410878</subfield>
</datafield>
<datafield ind1=" " ind2=" " tag="035">
<subfield code="a">(OCoLC)73497139</subfield>
</datafield>
<datafield ind1=" " ind2=" " tag="040">
<subfield code="a">1200</subfield>
<subfield code="b">ger</subfield>
<subfield code="c">DE-101</subfield>
<subfield code="d">9999</subfield>
</datafield>
<datafield ind1=" " ind2=" " tag="041">
<subfield code="a">ger</subfield>
</datafield>
<datafield ind1=" " ind2=" " tag="044">
<subfield code="c">XA-DE</subfield>
</datafield>
<datafield ind1=" " ind2=" " tag="084">
<subfield code="a">08a</subfield>
<subfield code="a">810</subfield>
<subfield code="a">820</subfield>
<subfield code="a">830</subfield>
<subfield code="a">839</subfield>
<subfield code="a">840</subfield>
<subfield code="a">850</subfield>
<subfield code="a">860</subfield>
<subfield code="a">870</subfield>
<subfield code="a">880</subfield>
<subfield code="a">890</subfield>
<subfield code="a">B</subfield>
<subfield code="q">DE-101</subfield>
<subfield code="2">sdnb</subfield>
</datafield>
<datafield ind1="1" ind2=" " tag="100">
<subfield code="8">1\p</subfield>
<subfield code="0">(DE-588)1214461530</subfield>
<subfield code="0">https://d-nb.info/gnd/1214461530</subfield>
<subfield code="0">(DE-101)1214461530</subfield>
<subfield code="a">Kinkaid, Matt</subfield>
<subfield code="e">Verfasser</subfield>
<subfield code="4">aut</subfield>
<subfield code="2">gnd</subfield>
</datafield>
<datafield ind1="1" ind2="0" tag="245">
<subfield code="a">Die Fehde der Mächtigen</subfield>
<subfield code="b">Roman</subfield>
<subfield code="c">Matt Kinkaid. Aus d. Amerikan. übers. von Hansheinz Werner</subfield>
</datafield>
<datafield ind1=" " ind2="1" tag="264">
<subfield code="a">München</subfield>
<subfield code="b">AWA-Verl.</subfield>
<subfield code="c">[1958]</subfield>
</datafield>
<datafield ind1=" " ind2=" " tag="300">
<subfield code="a">188 S.</subfield>
<subfield code="c">kl. 8</subfield>
</datafield>
<datafield ind1=" " ind2=" " tag="336">
<subfield code="a">Text</subfield>
<subfield code="b">txt</subfield>
<subfield code="2">rdacontent</subfield>
</datafield>
<datafield ind1=" " ind2=" " tag="337">
<subfield code="a">ohne Hilfsmittel zu benutzen</subfield>
<subfield code="b">n</subfield>
<subfield code="2">rdamedia</subfield>
</datafield>
<datafield ind1=" " ind2=" " tag="338">
<subfield code="a">Band</subfield>
<subfield code="b">nc</subfield>
<subfield code="2">rdacarrier</subfield>
</datafield>
<datafield ind1=" " ind2=" " tag="366">
<subfield code="c">OP 20150504</subfield>
<subfield code="2">onixas</subfield>
</datafield>
<datafield ind1="1" ind2=" " tag="490">
<subfield code="a">Welt der Abenteuer</subfield>
<subfield code="v">43</subfield>
</datafield>
<datafield ind1="1" ind2=" " tag="490">
<subfield code="a">AWA-Taschenbuch</subfield>
<subfield code="v">Bd. 43</subfield>
</datafield>
<datafield ind1="1" ind2=" " tag="700">
<subfield code="0">(DE-588)1032135220</subfield>
<subfield code="0">https://d-nb.info/gnd/1032135220</subfield>
<subfield code="0">(DE-101)1032135220</subfield>
<subfield code="a">Werner, Hansheinz</subfield>
<subfield code="e">Mitwirkender</subfield>
<subfield code="4">ctb</subfield>
<subfield code="2">gnd</subfield>
</datafield>
<datafield ind1="1" ind2="2" tag="700">
<subfield code="8">1\p</subfield>
<subfield code="a">Kinkaid, Matt</subfield>
<subfield code="2">gnd</subfield>
<subfield code="t">The Race of giants</subfield>
<subfield code="g">dt.</subfield>
</datafield>
<datafield ind1=" " ind2="0" tag="830">
<subfield code="a">Welt der Abenteuer</subfield>
<subfield code="v">43</subfield>
<subfield code="9">243</subfield>
</datafield>
<datafield ind1=" " ind2="0" tag="830">
<subfield code="a">AWA-Taschenbuch</subfield>
<subfield code="v">Bd. 43</subfield>
<subfield code="9">243</subfield>
</datafield>
<datafield ind1=" " ind2=" " tag="850">
<subfield code="a">DE-101a</subfield>
<subfield code="a">DE-101b</subfield>
</datafield>
<datafield ind1=" " ind2=" " tag="883">
<subfield code="8">1\p</subfield>
<subfield code="a">cgwrk</subfield>
<subfield code="d">20210314</subfield>
<subfield code="q">DE-101</subfield>
<subfield code="u">https://d-nb.info/provenance/plan#cgwrk</subfield>
</datafield>
</record>