<record type="Bibliographic" xmlns="http://www.loc.gov/MARC21/slim">
<leader>00000nab a2200000 cc4500</leader>
<controlfield tag="001">454708319</controlfield>
<controlfield tag="003">DE-101</controlfield>
<controlfield tag="005">20240215150327.0</controlfield>
<controlfield tag="007">tu</controlfield>
<controlfield tag="008">950210s1957    gw u||p|  ||| 0||||1ger  </controlfield>
<datafield ind1="7" ind2=" " tag="016">
<subfield code="2">DE-101</subfield>
<subfield code="a">454708319</subfield>
</datafield>
<datafield ind1=" " ind2=" " tag="035">
<subfield code="a">(DE-599)DNB454708319</subfield>
</datafield>
<datafield ind1=" " ind2=" " tag="035">
<subfield code="a">(OCoLC)73687341</subfield>
</datafield>
<datafield ind1=" " ind2=" " tag="040">
<subfield code="a">1200</subfield>
<subfield code="b">ger</subfield>
<subfield code="c">DE-101</subfield>
<subfield code="d">1140</subfield>
</datafield>
<datafield ind1=" " ind2=" " tag="041">
<subfield code="a">ger</subfield>
</datafield>
<datafield ind1=" " ind2=" " tag="044">
<subfield code="c">XA-DE</subfield>
</datafield>
<datafield ind1="0" ind2="0" tag="245">
<subfield code="a">Silber-Roman</subfield>
<subfield code="n">Wildwest-Reihe</subfield>
<subfield code="n">Nr. 212.</subfield>
<subfield code="p">Die Fehde am Schlangenfluss : Spannender Wildwestroman / von William Hiller</subfield>
</datafield>
<datafield ind1="1" ind2="3" tag="246">
<subfield code="a">Silber-Roman / Wildwest-Reihe</subfield>
</datafield>
<datafield ind1="3" ind2="1" tag="264">
<subfield code="a">Rastatt</subfield>
<subfield code="b">Zauberkreis-Verl.</subfield>
<subfield code="c">[1957]</subfield>
</datafield>
<datafield ind1=" " ind2=" " tag="300">
<subfield code="a">62 S.</subfield>
</datafield>
<datafield ind1=" " ind2=" " tag="336">
<subfield code="a">Text</subfield>
<subfield code="b">txt</subfield>
<subfield code="2">rdacontent</subfield>
</datafield>
<datafield ind1=" " ind2=" " tag="337">
<subfield code="a">ohne Hilfsmittel zu benutzen</subfield>
<subfield code="b">n</subfield>
<subfield code="2">rdamedia</subfield>
</datafield>
<datafield ind1=" " ind2=" " tag="338">
<subfield code="a">Band</subfield>
<subfield code="b">nc</subfield>
<subfield code="2">rdacarrier</subfield>
</datafield>
<datafield ind1=" " ind2=" " tag="366">
<subfield code="c">CS 20150412</subfield>
<subfield code="2">onixas</subfield>
</datafield>
<datafield ind1="0" ind2="8" tag="773">
<subfield code="q">3212</subfield>
<subfield code="w">(DE-101)01662291X</subfield>
</datafield>
<datafield ind1="0" ind2="8" tag="776">
<subfield code="i">Elektronische Reproduktion</subfield>
<subfield code="t">Silber-Roman</subfield>
<subfield code="d">Rastatt : Zauberkreis-Verl., 1953-1958</subfield>
<subfield code="h">1 Online-Ressource (62 S.)</subfield>
<subfield code="w">(DE-600)3170060-3</subfield>
<subfield code="w">(DE-101)1306957168</subfield>
</datafield>
<datafield ind1=" " ind2=" " tag="850">
<subfield code="a">DE-101a</subfield>
<subfield code="a">DE-101b</subfield>
</datafield>
</record>