<record type="Bibliographic" xmlns="http://www.loc.gov/MARC21/slim">
<leader>00000nam a2200000 c 4500</leader>
<controlfield tag="001">780499697</controlfield>
<controlfield tag="003">DE-101</controlfield>
<controlfield tag="005">20200612144123.0</controlfield>
<controlfield tag="007">tu</controlfield>
<controlfield tag="008">780707s1955    gw ||||| |||| 00||||ger  </controlfield>
<datafield ind1=" " ind2=" " tag="015">
<subfield code="a">78,A51,0703</subfield>
<subfield code="2">dnb</subfield>
</datafield>
<datafield ind1="7" ind2=" " tag="016">
<subfield code="2">DE-101</subfield>
<subfield code="a">780499697</subfield>
</datafield>
<datafield ind1=" " ind2=" " tag="020">
<subfield code="c">Pp. (Pr. nicht mitget.)</subfield>
</datafield>
<datafield ind1=" " ind2=" " tag="035">
<subfield code="a">(DE-599)DNB780499697</subfield>
</datafield>
<datafield ind1=" " ind2=" " tag="035">
<subfield code="a">(OCoLC)74413669</subfield>
</datafield>
<datafield ind1=" " ind2=" " tag="040">
<subfield code="a">1200</subfield>
<subfield code="b">ger</subfield>
<subfield code="c">DE-101</subfield>
<subfield code="d">9999</subfield>
</datafield>
<datafield ind1=" " ind2=" " tag="041">
<subfield code="a">ger</subfield>
</datafield>
<datafield ind1=" " ind2=" " tag="044">
<subfield code="c">XA-DE</subfield>
</datafield>
<datafield ind1=" " ind2=" " tag="084">
<subfield code="a">08a</subfield>
<subfield code="a">810</subfield>
<subfield code="a">820</subfield>
<subfield code="a">830</subfield>
<subfield code="a">839</subfield>
<subfield code="a">840</subfield>
<subfield code="a">850</subfield>
<subfield code="a">860</subfield>
<subfield code="a">870</subfield>
<subfield code="a">880</subfield>
<subfield code="a">890</subfield>
<subfield code="a">B</subfield>
<subfield code="q">DE-101</subfield>
<subfield code="2">sdnb</subfield>
</datafield>
<datafield ind1="1" ind2=" " tag="100">
<subfield code="0">(DE-588)1211692507</subfield>
<subfield code="0">https://d-nb.info/gnd/1211692507</subfield>
<subfield code="0">(DE-101)1211692507</subfield>
<subfield code="a">Nagel, H. C.</subfield>
<subfield code="d">1924-2016</subfield>
<subfield code="e">Verfasser</subfield>
<subfield code="4">aut</subfield>
<subfield code="2">gnd</subfield>
</datafield>
<datafield ind1="1" ind2="0" tag="245">
<subfield code="a">Die Kingsford-Fehde</subfield>
<subfield code="b">Roman aus d. amerikan. Westen</subfield>
<subfield code="c">H. C. Nagel</subfield>
</datafield>
<datafield ind1=" " ind2="1" tag="264">
<subfield code="a">Castrop-Rauxel</subfield>
<subfield code="b">Mülbüsch</subfield>
<subfield code="c">[circa 1955]</subfield>
</datafield>
<datafield ind1=" " ind2=" " tag="300">
<subfield code="a">253 S.</subfield>
<subfield code="c">19 cm</subfield>
</datafield>
<datafield ind1=" " ind2=" " tag="336">
<subfield code="a">Text</subfield>
<subfield code="b">txt</subfield>
<subfield code="2">rdacontent</subfield>
</datafield>
<datafield ind1=" " ind2=" " tag="337">
<subfield code="a">ohne Hilfsmittel zu benutzen</subfield>
<subfield code="b">n</subfield>
<subfield code="2">rdamedia</subfield>
</datafield>
<datafield ind1=" " ind2=" " tag="338">
<subfield code="a">Band</subfield>
<subfield code="b">nc</subfield>
<subfield code="2">rdacarrier</subfield>
</datafield>
<datafield ind1=" " ind2=" " tag="366">
<subfield code="c">OP 20200612</subfield>
<subfield code="2">onixas</subfield>
</datafield>
<datafield ind1=" " ind2=" " tag="850">
<subfield code="a">DE-101b</subfield>
</datafield>
</record>