<record type="Bibliographic" xmlns="http://www.loc.gov/MARC21/slim">
<leader>00000nam a2200000 c 4500</leader>
<controlfield tag="001">451328620</controlfield>
<controlfield tag="003">DE-101</controlfield>
<controlfield tag="005">20171202173930.0</controlfield>
<controlfield tag="007">tu</controlfield>
<controlfield tag="008">950123s1954    gw ||||| |||| 00||||ger  </controlfield>
<datafield ind1="7" ind2=" " tag="016">
<subfield code="2">DE-101</subfield>
<subfield code="a">451328620</subfield>
</datafield>
<datafield ind1=" " ind2=" " tag="020">
<subfield code="c">Lw. : 6.80</subfield>
</datafield>
<datafield ind1=" " ind2=" " tag="035">
<subfield code="a">(DE-599)DNB451328620</subfield>
</datafield>
<datafield ind1=" " ind2=" " tag="035">
<subfield code="a">(OCoLC)73369350</subfield>
</datafield>
<datafield ind1=" " ind2=" " tag="040">
<subfield code="a">1200</subfield>
<subfield code="b">ger</subfield>
<subfield code="c">DE-101</subfield>
<subfield code="d">9999</subfield>
</datafield>
<datafield ind1=" " ind2=" " tag="041">
<subfield code="a">ger</subfield>
</datafield>
<datafield ind1=" " ind2=" " tag="044">
<subfield code="c">XA-DE</subfield>
</datafield>
<datafield ind1=" " ind2=" " tag="084">
<subfield code="a">08a</subfield>
<subfield code="a">810</subfield>
<subfield code="a">820</subfield>
<subfield code="a">830</subfield>
<subfield code="a">839</subfield>
<subfield code="a">840</subfield>
<subfield code="a">850</subfield>
<subfield code="a">860</subfield>
<subfield code="a">870</subfield>
<subfield code="a">880</subfield>
<subfield code="a">890</subfield>
<subfield code="a">B</subfield>
<subfield code="q">DE-101</subfield>
<subfield code="2">sdnb</subfield>
</datafield>
<datafield ind1="1" ind2=" " tag="100">
<subfield code="0">(DE-588)105629030</subfield>
<subfield code="0">https://d-nb.info/gnd/105629030</subfield>
<subfield code="0">(DE-101)105629030</subfield>
<subfield code="a">Fox, Norman A.</subfield>
<subfield code="d">1911-1960</subfield>
<subfield code="e">Verfasser</subfield>
<subfield code="4">aut</subfield>
<subfield code="2">gnd</subfield>
</datafield>
<datafield ind1="1" ind2="0" tag="245">
<subfield code="a">Die Fehde des Anderen</subfield>
<subfield code="c">Mark Sabin. Aus d. Amerikan. übertr. von Hansheinz Werner</subfield>
</datafield>
<datafield ind1=" " ind2="1" tag="264">
<subfield code="a">München</subfield>
<subfield code="b">Awa-Verl.</subfield>
<subfield code="c">[1954]</subfield>
</datafield>
<datafield ind1=" " ind2=" " tag="300">
<subfield code="a">238 S.</subfield>
<subfield code="c">8</subfield>
</datafield>
<datafield ind1=" " ind2=" " tag="336">
<subfield code="a">Text</subfield>
<subfield code="b">txt</subfield>
<subfield code="2">rdacontent</subfield>
</datafield>
<datafield ind1=" " ind2=" " tag="337">
<subfield code="a">ohne Hilfsmittel zu benutzen</subfield>
<subfield code="b">n</subfield>
<subfield code="2">rdamedia</subfield>
</datafield>
<datafield ind1=" " ind2=" " tag="338">
<subfield code="a">Band</subfield>
<subfield code="b">nc</subfield>
<subfield code="2">rdacarrier</subfield>
</datafield>
<datafield ind1=" " ind2=" " tag="366">
<subfield code="c">OP 20150504</subfield>
<subfield code="2">onixas</subfield>
</datafield>
<datafield ind1="0" ind2=" " tag="490">
<subfield code="a">Lockender Westen</subfield>
</datafield>
<datafield ind1="1" ind2=" " tag="700">
<subfield code="0">(DE-588)1032135220</subfield>
<subfield code="0">https://d-nb.info/gnd/1032135220</subfield>
<subfield code="0">(DE-101)1032135220</subfield>
<subfield code="a">Werner, Hansheinz</subfield>
<subfield code="e">Mitwirkender</subfield>
<subfield code="4">ctb</subfield>
<subfield code="2">gnd</subfield>
</datafield>
<datafield ind1="1" ind2="2" tag="700">
<subfield code="a">Fox, Norman A.</subfield>
<subfield code="d">1911-1960</subfield>
<subfield code="2">gnd</subfield>
<subfield code="t">Winchester Cut</subfield>
<subfield code="g">dt.</subfield>
</datafield>
<datafield ind1=" " ind2=" " tag="850">
<subfield code="a">DE-101b</subfield>
</datafield>
</record>