<record type="Bibliographic" xmlns="http://www.loc.gov/MARC21/slim">
<leader>00000nam a2200000 c 4500</leader>
<controlfield tag="001">450911772</controlfield>
<controlfield tag="003">DE-101</controlfield>
<controlfield tag="005">20240812144822.0</controlfield>
<controlfield tag="007">tu</controlfield>
<controlfield tag="008">950119s1949    gw ||||| |||| 00||||ger  </controlfield>
<datafield ind1="7" ind2=" " tag="016">
<subfield code="2">DE-101</subfield>
<subfield code="a">450911772</subfield>
</datafield>
<datafield ind1=" " ind2=" " tag="020">
<subfield code="c">kart. : 4.30</subfield>
</datafield>
<datafield ind1=" " ind2=" " tag="035">
<subfield code="a">(DE-599)DNB450911772</subfield>
</datafield>
<datafield ind1=" " ind2=" " tag="035">
<subfield code="a">(OCoLC)720345882</subfield>
</datafield>
<datafield ind1=" " ind2=" " tag="040">
<subfield code="a">1200</subfield>
<subfield code="b">ger</subfield>
<subfield code="c">DE-101</subfield>
<subfield code="d">0292</subfield>
</datafield>
<datafield ind1=" " ind2=" " tag="041">
<subfield code="8">1\p</subfield>
<subfield code="a">ger</subfield>
</datafield>
<datafield ind1=" " ind2=" " tag="044">
<subfield code="c">XA-DE</subfield>
</datafield>
<datafield ind1="1" ind2=" " tag="100">
<subfield code="0">(DE-588)105278661</subfield>
<subfield code="0">https://d-nb.info/gnd/105278661</subfield>
<subfield code="0">(DE-101)105278661</subfield>
<subfield code="a">Deus, Wolf-Herbert</subfield>
<subfield code="d">1904-1983</subfield>
<subfield code="e">Verfasser</subfield>
<subfield code="4">aut</subfield>
<subfield code="2">gnd</subfield>
</datafield>
<datafield ind1="1" ind2="0" tag="245">
<subfield code="a">Die Soester Fehde</subfield>
<subfield code="b">[Festschrift der Stadt Soest zum 500. Jahrestage der Beendigung der Soester Fehde am 27. April 1949]</subfield>
<subfield code="c">Wolf-Herbert Deus</subfield>
</datafield>
<datafield ind1=" " ind2="1" tag="264">
<subfield code="a">Soest</subfield>
<subfield code="b">Ritter in Komm.</subfield>
<subfield code="c">1949</subfield>
</datafield>
<datafield ind1=" " ind2=" " tag="300">
<subfield code="a">173 S.</subfield>
<subfield code="c">8</subfield>
</datafield>
<datafield ind1=" " ind2=" " tag="336">
<subfield code="a">Text</subfield>
<subfield code="b">txt</subfield>
<subfield code="2">rdacontent</subfield>
</datafield>
<datafield ind1=" " ind2=" " tag="337">
<subfield code="a">ohne Hilfsmittel zu benutzen</subfield>
<subfield code="b">n</subfield>
<subfield code="2">rdamedia</subfield>
</datafield>
<datafield ind1=" " ind2=" " tag="338">
<subfield code="a">Band</subfield>
<subfield code="b">nc</subfield>
<subfield code="2">rdacarrier</subfield>
</datafield>
<datafield ind1=" " ind2=" " tag="366">
<subfield code="c">OP 20150504</subfield>
<subfield code="2">onixas</subfield>
</datafield>
<datafield ind1="1" ind2=" " tag="490">
<subfield code="a">Soester wissenschaftliche Beiträge</subfield>
<subfield code="v">Bd. 2</subfield>
</datafield>
<datafield ind1="0" ind2="8" tag="776">
<subfield code="i">Elektronische Reproduktion</subfield>
<subfield code="a">Deus, Wolf-Herbert, 1904-1983</subfield>
<subfield code="t">Die Soester Fehde</subfield>
<subfield code="d">Leipzig ; Frankfurt am Main : Deutsche Nationalbibliothek, 2023</subfield>
<subfield code="h">1 Online-Ressource (173 S.)</subfield>
<subfield code="w">(DE-101)129075148X</subfield>
</datafield>
<datafield ind1=" " ind2="0" tag="830">
<subfield code="a">Soester wissenschaftliche Beiträge</subfield>
<subfield code="v">Bd. 2</subfield>
<subfield code="9">12</subfield>
</datafield>
<datafield ind1=" " ind2=" " tag="850">
<subfield code="a">DE-101a</subfield>
<subfield code="a">DE-101b</subfield>
</datafield>
<datafield ind1="4" ind2="2" tag="856">
<subfield code="m">B:DE-101</subfield>
<subfield code="q">application/pdf</subfield>
<subfield code="u">https://d-nb.info/450911772/04</subfield>
<subfield code="3">Inhaltsverzeichnis</subfield>
</datafield>
<datafield ind1="2" ind2=" " tag="883">
<subfield code="8">1\p</subfield>
<subfield code="a">ka003lc</subfield>
<subfield code="d">20191012</subfield>
<subfield code="q">DE-101</subfield>
<subfield code="u">https://d-nb.info/provenance/plan#ka003lc</subfield>
</datafield>
</record>