<record type="Bibliographic" xmlns="http://www.loc.gov/MARC21/slim">
<leader>00000nam a2200000 c 4500</leader>
<controlfield tag="001">451934040</controlfield>
<controlfield tag="003">DE-101</controlfield>
<controlfield tag="005">20230530121326.0</controlfield>
<controlfield tag="007">tu</controlfield>
<controlfield tag="008">950125s1946    gw ||||| |||| 00||||ger  </controlfield>
<datafield ind1="7" ind2=" " tag="016">
<subfield code="2">DE-101</subfield>
<subfield code="a">451934040</subfield>
</datafield>
<datafield ind1=" " ind2=" " tag="020">
<subfield code="c">Pp. : 3.50</subfield>
</datafield>
<datafield ind1=" " ind2=" " tag="035">
<subfield code="a">(DE-599)DNB451934040</subfield>
</datafield>
<datafield ind1=" " ind2=" " tag="035">
<subfield code="a">(OCoLC)73443960</subfield>
</datafield>
<datafield ind1=" " ind2=" " tag="040">
<subfield code="a">1200</subfield>
<subfield code="b">ger</subfield>
<subfield code="c">DE-101</subfield>
<subfield code="d">1140</subfield>
</datafield>
<datafield ind1=" " ind2=" " tag="041">
<subfield code="a">ger</subfield>
</datafield>
<datafield ind1=" " ind2=" " tag="044">
<subfield code="c">XA-DE</subfield>
</datafield>
<datafield ind1=" " ind2=" " tag="084">
<subfield code="a">08a</subfield>
<subfield code="a">810</subfield>
<subfield code="a">820</subfield>
<subfield code="a">830</subfield>
<subfield code="a">839</subfield>
<subfield code="a">840</subfield>
<subfield code="a">850</subfield>
<subfield code="a">860</subfield>
<subfield code="a">870</subfield>
<subfield code="a">880</subfield>
<subfield code="a">890</subfield>
<subfield code="a">B</subfield>
<subfield code="q">DE-101</subfield>
<subfield code="2">sdnb</subfield>
</datafield>
<datafield ind1="1" ind2=" " tag="100">
<subfield code="0">(DE-588)116678518</subfield>
<subfield code="0">https://d-nb.info/gnd/116678518</subfield>
<subfield code="0">(DE-101)116678518</subfield>
<subfield code="a">Heitmann, Hans</subfield>
<subfield code="d">1904-1970</subfield>
<subfield code="e">Verfasser</subfield>
<subfield code="4">aut</subfield>
<subfield code="2">gnd</subfield>
</datafield>
<datafield ind1="1" ind2="0" tag="245">
<subfield code="a">Die Fehde</subfield>
<subfield code="b">Novelle</subfield>
<subfield code="c">Hans Heitmann</subfield>
</datafield>
<datafield ind1=" " ind2=" " tag="250">
<subfield code="a">37. - 41. Tsd.</subfield>
</datafield>
<datafield ind1=" " ind2=" " tag="259">
<subfield code="a">237</subfield>
</datafield>
<datafield ind1=" " ind2="1" tag="264">
<subfield code="a">Stuttgart</subfield>
<subfield code="b">Cotta</subfield>
<subfield code="c">1946</subfield>
</datafield>
<datafield ind1=" " ind2=" " tag="300">
<subfield code="a">143 S.</subfield>
<subfield code="c">8</subfield>
</datafield>
<datafield ind1=" " ind2=" " tag="336">
<subfield code="a">Text</subfield>
<subfield code="b">txt</subfield>
<subfield code="2">rdacontent</subfield>
</datafield>
<datafield ind1=" " ind2=" " tag="337">
<subfield code="a">ohne Hilfsmittel zu benutzen</subfield>
<subfield code="b">n</subfield>
<subfield code="2">rdamedia</subfield>
</datafield>
<datafield ind1=" " ind2=" " tag="338">
<subfield code="a">Band</subfield>
<subfield code="b">nc</subfield>
<subfield code="2">rdacarrier</subfield>
</datafield>
<datafield ind1=" " ind2=" " tag="366">
<subfield code="c">OP 20150504</subfield>
<subfield code="2">onixas</subfield>
</datafield>
<datafield ind1="0" ind2="8" tag="776">
<subfield code="i">Elektronische Reproduktion</subfield>
<subfield code="a">Heitmann, Hans, 1904-1970</subfield>
<subfield code="t">Die Fehde</subfield>
<subfield code="d">Leipzig ; Frankfurt am Main : Deutsche Nationalbibliothek, 2023</subfield>
<subfield code="h">1 Online-Ressource (143 S.)</subfield>
<subfield code="w">(DE-101)1290781729</subfield>
</datafield>
<datafield ind1=" " ind2=" " tag="850">
<subfield code="a">DE-101a</subfield>
<subfield code="a">DE-101b</subfield>
</datafield>
</record>