<record type="Bibliographic" xmlns="http://www.loc.gov/MARC21/slim">
<leader>00000nam a2200000 c 4500</leader>
<controlfield tag="001">572117981</controlfield>
<controlfield tag="003">DE-101</controlfield>
<controlfield tag="005">20171203032337.0</controlfield>
<controlfield tag="007">tu</controlfield>
<controlfield tag="008">011026s1941    gw ||||| |||| 00||||ger  </controlfield>
<datafield ind1=" " ind2=" " tag="015">
<subfield code="a">00,L01</subfield>
<subfield code="2">dnb</subfield>
</datafield>
<datafield ind1="7" ind2=" " tag="016">
<subfield code="2">DE-101</subfield>
<subfield code="a">572117981</subfield>
</datafield>
<datafield ind1=" " ind2=" " tag="020">
<subfield code="c">Lw. : 4.50</subfield>
</datafield>
<datafield ind1=" " ind2=" " tag="035">
<subfield code="a">(DE-599)DNB572117981</subfield>
</datafield>
<datafield ind1=" " ind2=" " tag="035">
<subfield code="a">(OCoLC)71966958</subfield>
</datafield>
<datafield ind1=" " ind2=" " tag="040">
<subfield code="a">9999</subfield>
<subfield code="b">ger</subfield>
<subfield code="c">DE-101</subfield>
<subfield code="d">9999</subfield>
</datafield>
<datafield ind1=" " ind2=" " tag="041">
<subfield code="a">ger</subfield>
</datafield>
<datafield ind1=" " ind2=" " tag="044">
<subfield code="c">XA-DE</subfield>
</datafield>
<datafield ind1="1" ind2=" " tag="100">
<subfield code="0">(DE-588)11776552X</subfield>
<subfield code="0">https://d-nb.info/gnd/11776552X</subfield>
<subfield code="0">(DE-101)11776552X</subfield>
<subfield code="a">Ball, Kurt Herwarth</subfield>
<subfield code="d">1903-1977</subfield>
<subfield code="e">Verfasser</subfield>
<subfield code="4">aut</subfield>
<subfield code="2">gnd</subfield>
</datafield>
<datafield ind1="1" ind2="0" tag="245">
<subfield code="a">Fehde auf Island</subfield>
<subfield code="b">Roman nach Stoffen altisländ. Sagas</subfield>
<subfield code="c">Kurt Herwarth Ball</subfield>
</datafield>
<datafield ind1=" " ind2=" " tag="250">
<subfield code="a">6.-9. Tsd.</subfield>
</datafield>
<datafield ind1=" " ind2="1" tag="264">
<subfield code="a">Karlsbad</subfield>
<subfield code="a">Leipzig</subfield>
<subfield code="b">Kraft</subfield>
<subfield code="c">[1941]</subfield>
</datafield>
<datafield ind1=" " ind2=" " tag="300">
<subfield code="a">243 S.</subfield>
<subfield code="c">8</subfield>
</datafield>
<datafield ind1=" " ind2=" " tag="336">
<subfield code="a">Text</subfield>
<subfield code="b">txt</subfield>
<subfield code="2">rdacontent</subfield>
</datafield>
<datafield ind1=" " ind2=" " tag="337">
<subfield code="a">ohne Hilfsmittel zu benutzen</subfield>
<subfield code="b">n</subfield>
<subfield code="2">rdamedia</subfield>
</datafield>
<datafield ind1=" " ind2=" " tag="338">
<subfield code="a">Band</subfield>
<subfield code="b">nc</subfield>
<subfield code="2">rdacarrier</subfield>
</datafield>
<datafield ind1=" " ind2=" " tag="366">
<subfield code="c">OP 20150504</subfield>
<subfield code="2">onixas</subfield>
</datafield>
<datafield ind1=" " ind2=" " tag="850">
<subfield code="a">DE-101a</subfield>
</datafield>
</record>