<record type="Bibliographic" xmlns="http://www.loc.gov/MARC21/slim">
<leader>00000nam a2200000 c 4500</leader>
<controlfield tag="001">580418286</controlfield>
<controlfield tag="003">DE-101</controlfield>
<controlfield tag="005">20191216100712.0</controlfield>
<controlfield tag="007">tu</controlfield>
<controlfield tag="008">030205s1934    gw ||||| |||| 00||||ger  </controlfield>
<datafield ind1=" " ind2=" " tag="015">
<subfield code="a">00,L01</subfield>
<subfield code="2">dnb</subfield>
</datafield>
<datafield ind1="7" ind2=" " tag="016">
<subfield code="2">DE-101</subfield>
<subfield code="a">580418286</subfield>
</datafield>
<datafield ind1=" " ind2=" " tag="020">
<subfield code="c">-.35; Pp. : -.75</subfield>
</datafield>
<datafield ind1=" " ind2=" " tag="035">
<subfield code="a">(DE-599)DNB580418286</subfield>
</datafield>
<datafield ind1=" " ind2=" " tag="035">
<subfield code="a">(OCoLC)251109131</subfield>
</datafield>
<datafield ind1=" " ind2=" " tag="035">
<subfield code="a">(OCoLC)721339463</subfield>
</datafield>
<datafield ind1=" " ind2=" " tag="040">
<subfield code="a">1140</subfield>
<subfield code="b">ger</subfield>
<subfield code="c">DE-101</subfield>
<subfield code="d">1931</subfield>
</datafield>
<datafield ind1=" " ind2=" " tag="041">
<subfield code="a">ger</subfield>
</datafield>
<datafield ind1=" " ind2=" " tag="044">
<subfield code="c">XA-DE</subfield>
</datafield>
<datafield ind1="1" ind2=" " tag="100">
<subfield code="0">(DE-588)116294426</subfield>
<subfield code="0">https://d-nb.info/gnd/116294426</subfield>
<subfield code="0">(DE-101)116294426</subfield>
<subfield code="a">Koenigswald, Harald von</subfield>
<subfield code="d">1906-1971</subfield>
<subfield code="e">Verfasser</subfield>
<subfield code="4">aut</subfield>
<subfield code="2">gnd</subfield>
</datafield>
<datafield ind1="1" ind2="0" tag="245">
<subfield code="a">Sickingens letzte Fehde</subfield>
<subfield code="b">[Novelle]</subfield>
<subfield code="c">Harald von Koenigswald</subfield>
</datafield>
<datafield ind1=" " ind2="1" tag="264">
<subfield code="a">Leipzig</subfield>
<subfield code="b">Reclam</subfield>
<subfield code="c">1934</subfield>
</datafield>
<datafield ind1=" " ind2=" " tag="300">
<subfield code="a">71 S.</subfield>
<subfield code="c">kl. 8</subfield>
</datafield>
<datafield ind1=" " ind2=" " tag="336">
<subfield code="a">Text</subfield>
<subfield code="b">txt</subfield>
<subfield code="2">rdacontent</subfield>
</datafield>
<datafield ind1=" " ind2=" " tag="337">
<subfield code="a">ohne Hilfsmittel zu benutzen</subfield>
<subfield code="b">n</subfield>
<subfield code="2">rdamedia</subfield>
</datafield>
<datafield ind1=" " ind2=" " tag="338">
<subfield code="a">Band</subfield>
<subfield code="b">nc</subfield>
<subfield code="2">rdacarrier</subfield>
</datafield>
<datafield ind1=" " ind2=" " tag="366">
<subfield code="c">OP 20150505</subfield>
<subfield code="2">onixas</subfield>
</datafield>
<datafield ind1="1" ind2=" " tag="490">
<subfield code="a">Reclams Universal-Bibliothek</subfield>
<subfield code="v">Nr 7267</subfield>
</datafield>
<datafield ind1=" " ind2="0" tag="830">
<subfield code="a">Reclams Universal-Bibliothek</subfield>
<subfield code="v">Nr 7267</subfield>
</datafield>
<datafield ind1=" " ind2=" " tag="850">
<subfield code="a">DE-101a</subfield>
</datafield>
</record>