<record type="Bibliographic" xmlns="http://www.loc.gov/MARC21/slim">
<leader>00000nam a2200000 cb4500</leader>
<controlfield tag="001">365888869</controlfield>
<controlfield tag="003">DE-101</controlfield>
<controlfield tag="005">20220225233558.0</controlfield>
<controlfield tag="007">tu</controlfield>
<controlfield tag="008">031202s1932    gw ||||| |||| 00||||ger  </controlfield>
<datafield ind1=" " ind2=" " tag="015">
<subfield code="a">00,L01</subfield>
<subfield code="2">dnb</subfield>
</datafield>
<datafield ind1="7" ind2=" " tag="016">
<subfield code="2">DE-101</subfield>
<subfield code="a">365888869</subfield>
</datafield>
<datafield ind1=" " ind2=" " tag="020">
<subfield code="c">3.70; Hlw. : 4.90; Lw. : 5.80</subfield>
</datafield>
<datafield ind1=" " ind2=" " tag="035">
<subfield code="a">(DE-599)DNB365888869</subfield>
</datafield>
<datafield ind1=" " ind2=" " tag="035">
<subfield code="a">(OCoLC)174974991</subfield>
</datafield>
<datafield ind1=" " ind2=" " tag="040">
<subfield code="a">1145</subfield>
<subfield code="b">ger</subfield>
<subfield code="c">DE-101</subfield>
<subfield code="d">0292</subfield>
</datafield>
<datafield ind1=" " ind2=" " tag="041">
<subfield code="a">ger</subfield>
</datafield>
<datafield ind1=" " ind2=" " tag="044">
<subfield code="c">XA-DE</subfield>
</datafield>
<datafield ind1="1" ind2=" " tag="100">
<subfield code="0">(DE-588)118689371</subfield>
<subfield code="0">https://d-nb.info/gnd/118689371</subfield>
<subfield code="0">(DE-101)118689371</subfield>
<subfield code="a">Galsworthy, John</subfield>
<subfield code="d">1867-1933</subfield>
<subfield code="e">Verfasser</subfield>
<subfield code="4">aut</subfield>
<subfield code="2">gnd</subfield>
</datafield>
<datafield ind1="1" ind2="0" tag="245">
<subfield code="a">Die Fehde</subfield>
<subfield code="b">4 Erz.</subfield>
<subfield code="c">John Galsworthy. Autor. Übers. aus d. Engl. von Leo Schalit</subfield>
</datafield>
<datafield ind1=" " ind2=" " tag="250">
<subfield code="a">1.-10. Tsd.</subfield>
</datafield>
<datafield ind1=" " ind2=" " tag="259">
<subfield code="a">11  210</subfield>
</datafield>
<datafield ind1=" " ind2="1" tag="264">
<subfield code="a">Berlin</subfield>
<subfield code="a">Wien</subfield>
<subfield code="a">Leipzig</subfield>
<subfield code="b">Zsolnay</subfield>
<subfield code="c">1932</subfield>
</datafield>
<datafield ind1=" " ind2=" " tag="300">
<subfield code="a">293 S.</subfield>
<subfield code="c">8</subfield>
</datafield>
<datafield ind1=" " ind2=" " tag="336">
<subfield code="a">Text</subfield>
<subfield code="b">txt</subfield>
<subfield code="2">rdacontent</subfield>
</datafield>
<datafield ind1=" " ind2=" " tag="337">
<subfield code="a">ohne Hilfsmittel zu benutzen</subfield>
<subfield code="b">n</subfield>
<subfield code="2">rdamedia</subfield>
</datafield>
<datafield ind1=" " ind2=" " tag="338">
<subfield code="a">Band</subfield>
<subfield code="b">nc</subfield>
<subfield code="2">rdacarrier</subfield>
</datafield>
<datafield ind1=" " ind2=" " tag="366">
<subfield code="c">OP 20150504</subfield>
<subfield code="2">onixas</subfield>
</datafield>
<datafield ind1="1" ind2=" " tag="490">
<subfield code="a">Gesammelte Werke / Galsworthy</subfield>
<subfield code="v">[18]</subfield>
</datafield>
<datafield ind1="1" ind2=" " tag="700">
<subfield code="8">1\p</subfield>
<subfield code="a">Schalit, Leo</subfield>
<subfield code="e">Mitwirkender</subfield>
<subfield code="4">ctb</subfield>
</datafield>
<datafield ind1="1" ind2="2" tag="700">
<subfield code="a">Galsworthy, John</subfield>
<subfield code="d">1867-1933</subfield>
<subfield code="2">gnd</subfield>
<subfield code="t">A Feud</subfield>
<subfield code="g">dt.</subfield>
</datafield>
<datafield ind1=" " ind2="0" tag="830">
<subfield code="a">Gesammelte Werke / Galsworthy</subfield>
<subfield code="v">[18]</subfield>
</datafield>
<datafield ind1=" " ind2=" " tag="850">
<subfield code="a">DE-101a</subfield>
</datafield>
<datafield ind1="4" ind2="2" tag="856">
<subfield code="m">B:DE-101</subfield>
<subfield code="q">application/pdf</subfield>
<subfield code="u">https://d-nb.info/365888869/04</subfield>
<subfield code="3">Inhaltsverzeichnis</subfield>
</datafield>
<datafield ind1="2" ind2=" " tag="883">
<subfield code="8">1\p</subfield>
<subfield code="a">dnb</subfield>
<subfield code="d">20200612</subfield>
<subfield code="q">DE-101</subfield>
<subfield code="u">https://d-nb.info/provenance/plan#dnb</subfield>
</datafield>
</record>