<record type="Bibliographic" xmlns="http://www.loc.gov/MARC21/slim">
<leader>00000nam a2200000 c 4500</leader>
<controlfield tag="001">362776849</controlfield>
<controlfield tag="003">DE-101</controlfield>
<controlfield tag="005">20171202110811.0</controlfield>
<controlfield tag="007">tu</controlfield>
<controlfield tag="008">030226s1931    gw ||||| |||| 00||||ger  </controlfield>
<datafield ind1=" " ind2=" " tag="015">
<subfield code="a">00,L01</subfield>
<subfield code="2">dnb</subfield>
</datafield>
<datafield ind1="7" ind2=" " tag="016">
<subfield code="2">DE-101</subfield>
<subfield code="a">362776849</subfield>
</datafield>
<datafield ind1=" " ind2=" " tag="020">
<subfield code="c">nn 2.50</subfield>
</datafield>
<datafield ind1=" " ind2=" " tag="035">
<subfield code="a">(DE-599)DNB362776849</subfield>
</datafield>
<datafield ind1=" " ind2=" " tag="035">
<subfield code="a">(OCoLC)719262416</subfield>
</datafield>
<datafield ind1=" " ind2=" " tag="040">
<subfield code="a">1140</subfield>
<subfield code="b">ger</subfield>
<subfield code="c">DE-101</subfield>
<subfield code="d">9999</subfield>
</datafield>
<datafield ind1=" " ind2=" " tag="041">
<subfield code="a">ger</subfield>
</datafield>
<datafield ind1=" " ind2=" " tag="044">
<subfield code="c">XA-DE</subfield>
</datafield>
<datafield ind1="1" ind2=" " tag="100">
<subfield code="0">(DE-588)128007842</subfield>
<subfield code="0">https://d-nb.info/gnd/128007842</subfield>
<subfield code="0">(DE-101)128007842</subfield>
<subfield code="a">Spohr, Georg Ludwig Heinrich</subfield>
<subfield code="d">1729-1805</subfield>
<subfield code="e">Verfasser</subfield>
<subfield code="4">aut</subfield>
<subfield code="2">gnd</subfield>
</datafield>
<datafield ind1="1" ind2="0" tag="245">
<subfield code="a">Georg Ludwig Heinrich Spohrs und Conrad Heusingers Fehde über Heusingers Gedicht "Lessings Tod"</subfield>
<subfield code="c">Hrsg. von Heinrich Mack. Mit Stammtafel Spohr u. Heusinger u. 1 Bildnis Heusingers</subfield>
</datafield>
<datafield ind1=" " ind2="1" tag="264">
<subfield code="a">Leipzig</subfield>
<subfield code="b">Degener &amp; Co.</subfield>
<subfield code="c">1931</subfield>
</datafield>
<datafield ind1=" " ind2=" " tag="300">
<subfield code="a">32 S.</subfield>
<subfield code="c">gr. 8</subfield>
</datafield>
<datafield ind1=" " ind2=" " tag="336">
<subfield code="a">Text</subfield>
<subfield code="b">txt</subfield>
<subfield code="2">rdacontent</subfield>
</datafield>
<datafield ind1=" " ind2=" " tag="337">
<subfield code="a">ohne Hilfsmittel zu benutzen</subfield>
<subfield code="b">n</subfield>
<subfield code="2">rdamedia</subfield>
</datafield>
<datafield ind1=" " ind2=" " tag="338">
<subfield code="a">Band</subfield>
<subfield code="b">nc</subfield>
<subfield code="2">rdacarrier</subfield>
</datafield>
<datafield ind1=" " ind2=" " tag="366">
<subfield code="c">OP 20150504</subfield>
<subfield code="2">onixas</subfield>
</datafield>
<datafield ind1="1" ind2=" " tag="490">
<subfield code="a">Veröffentlichungen der Braunschweiger Genealogischen Abends zum Goethe-Lessing-Jahr 1919</subfield>
<subfield code="v">Nr 2</subfield>
</datafield>
<datafield ind1="1" ind2=" " tag="700">
<subfield code="0">(DE-588)116783982</subfield>
<subfield code="0">https://d-nb.info/gnd/116783982</subfield>
<subfield code="0">(DE-101)116783982</subfield>
<subfield code="a">Heusinger, Konrad</subfield>
<subfield code="d">1752-1820</subfield>
<subfield code="e">Verfasser</subfield>
<subfield code="4">aut</subfield>
<subfield code="2">gnd</subfield>
</datafield>
<datafield ind1="1" ind2=" " tag="700">
<subfield code="0">(DE-588)116629975</subfield>
<subfield code="0">https://d-nb.info/gnd/116629975</subfield>
<subfield code="0">(DE-101)116629975</subfield>
<subfield code="a">Mack, Heinrich</subfield>
<subfield code="d">1867-1945</subfield>
<subfield code="e">Mitwirkender</subfield>
<subfield code="4">ctb</subfield>
<subfield code="2">gnd</subfield>
</datafield>
<datafield ind1=" " ind2="0" tag="830">
<subfield code="a">Veröffentlichungen der Braunschweiger Genealogischen Abends zum Goethe-Lessing-Jahr 1919</subfield>
<subfield code="v">Nr 2</subfield>
</datafield>
<datafield ind1=" " ind2=" " tag="850">
<subfield code="a">DE-101a</subfield>
</datafield>
</record>