<record type="Bibliographic" xmlns="http://www.loc.gov/MARC21/slim">
<leader>00000nam a2200000 c 4500</leader>
<controlfield tag="001">58041633X</controlfield>
<controlfield tag="003">DE-101</controlfield>
<controlfield tag="005">20200917071636.0</controlfield>
<controlfield tag="007">tu</controlfield>
<controlfield tag="008">030205s1930    gw ||||| |||| 00||||ger  </controlfield>
<datafield ind1=" " ind2=" " tag="015">
<subfield code="a">00,L01</subfield>
<subfield code="2">dnb</subfield>
</datafield>
<datafield ind1="7" ind2=" " tag="016">
<subfield code="2">DE-101</subfield>
<subfield code="a">58041633X</subfield>
</datafield>
<datafield ind1=" " ind2=" " tag="020">
<subfield code="c">-.30</subfield>
</datafield>
<datafield ind1=" " ind2=" " tag="035">
<subfield code="a">(DE-599)DNB58041633X</subfield>
</datafield>
<datafield ind1=" " ind2=" " tag="035">
<subfield code="a">(OCoLC)174702174</subfield>
</datafield>
<datafield ind1=" " ind2=" " tag="040">
<subfield code="a">1140</subfield>
<subfield code="b">ger</subfield>
<subfield code="c">DE-101</subfield>
<subfield code="d">1140</subfield>
</datafield>
<datafield ind1=" " ind2=" " tag="041">
<subfield code="a">ger</subfield>
</datafield>
<datafield ind1=" " ind2=" " tag="044">
<subfield code="c">XA-DE</subfield>
</datafield>
<datafield ind1="1" ind2=" " tag="100">
<subfield code="0">(DE-588)121675823</subfield>
<subfield code="0">https://d-nb.info/gnd/121675823</subfield>
<subfield code="0">(DE-101)121675823</subfield>
<subfield code="a">König, Bruno Emil</subfield>
<subfield code="d">1833-1902</subfield>
<subfield code="e">Verfasser</subfield>
<subfield code="4">aut</subfield>
<subfield code="2">gnd</subfield>
</datafield>
<datafield ind1="1" ind2="0" tag="245">
<subfield code="a">Die Drehna-Weißagker Fehde</subfield>
<subfield code="b">Eine heitere Geschichte aus d. guten alten Zeit</subfield>
<subfield code="c">B. E. König. Mit Schlußbemerkgn von M. Wald</subfield>
</datafield>
<datafield ind1=" " ind2="1" tag="264">
<subfield code="a">Dahme (Mark)</subfield>
<subfield code="b">A. Hilscher</subfield>
<subfield code="c">1930</subfield>
</datafield>
<datafield ind1=" " ind2=" " tag="300">
<subfield code="a">20 S.</subfield>
<subfield code="b">Mit 2 [eingedr.] Bildern</subfield>
<subfield code="c">8</subfield>
</datafield>
<datafield ind1=" " ind2=" " tag="336">
<subfield code="a">Text</subfield>
<subfield code="b">txt</subfield>
<subfield code="2">rdacontent</subfield>
</datafield>
<datafield ind1=" " ind2=" " tag="337">
<subfield code="a">ohne Hilfsmittel zu benutzen</subfield>
<subfield code="b">n</subfield>
<subfield code="2">rdamedia</subfield>
</datafield>
<datafield ind1=" " ind2=" " tag="338">
<subfield code="a">Band</subfield>
<subfield code="b">nc</subfield>
<subfield code="2">rdacarrier</subfield>
</datafield>
<datafield ind1=" " ind2=" " tag="366">
<subfield code="c">OP 20150505</subfield>
<subfield code="2">onixas</subfield>
</datafield>
<datafield ind1="1" ind2=" " tag="490">
<subfield code="a">Flämingheft</subfield>
<subfield code="v">20</subfield>
</datafield>
<datafield ind1="1" ind2=" " tag="700">
<subfield code="8">1\p</subfield>
<subfield code="0">(DE-588)103393304X</subfield>
<subfield code="0">https://d-nb.info/gnd/103393304X</subfield>
<subfield code="0">(DE-101)103393304X</subfield>
<subfield code="a">Wald, Max</subfield>
<subfield code="d">1870-1945</subfield>
<subfield code="e">Mitwirkender</subfield>
<subfield code="4">ctb</subfield>
<subfield code="2">gnd</subfield>
</datafield>
<datafield ind1=" " ind2="0" tag="830">
<subfield code="a">Flämingheft</subfield>
<subfield code="v">20</subfield>
<subfield code="w">(DE-101)015310906</subfield>
<subfield code="w">(DE-600)997123-3</subfield>
<subfield code="9">220</subfield>
<subfield code="7">as</subfield>
</datafield>
<datafield ind1=" " ind2=" " tag="850">
<subfield code="a">DE-101a</subfield>
</datafield>
<datafield ind1=" " ind2=" " tag="883">
<subfield code="8">1\p</subfield>
<subfield code="a">cgwrk</subfield>
<subfield code="d">20210314</subfield>
<subfield code="q">DE-101</subfield>
<subfield code="u">https://d-nb.info/provenance/plan#cgwrk</subfield>
</datafield>
</record>