<record type="Bibliographic" xmlns="http://www.loc.gov/MARC21/slim">
<leader>00000nam a2200000 c 4500</leader>
<controlfield tag="001">362993866</controlfield>
<controlfield tag="003">DE-101</controlfield>
<controlfield tag="005">20210802171121.0</controlfield>
<controlfield tag="007">tu</controlfield>
<controlfield tag="008">030226s1922    gw ||||| |||| 00||||ger  </controlfield>
<datafield ind1=" " ind2=" " tag="015">
<subfield code="a">00,L01</subfield>
<subfield code="2">dnb</subfield>
</datafield>
<datafield ind1="7" ind2=" " tag="016">
<subfield code="2">DE-101</subfield>
<subfield code="a">362993866</subfield>
</datafield>
<datafield ind1=" " ind2=" " tag="020">
<subfield code="c">Gz. -.75, Schlz. d. BV.</subfield>
</datafield>
<datafield ind1=" " ind2=" " tag="035">
<subfield code="a">(DE-599)DNB362993866</subfield>
</datafield>
<datafield ind1=" " ind2=" " tag="035">
<subfield code="a">(OCoLC)46188199</subfield>
</datafield>
<datafield ind1=" " ind2=" " tag="040">
<subfield code="a">1140</subfield>
<subfield code="b">ger</subfield>
<subfield code="c">DE-101</subfield>
<subfield code="d">9999</subfield>
</datafield>
<datafield ind1=" " ind2=" " tag="041">
<subfield code="a">ger</subfield>
</datafield>
<datafield ind1=" " ind2=" " tag="044">
<subfield code="c">XA-DE</subfield>
</datafield>
<datafield ind1="1" ind2=" " tag="100">
<subfield code="8">1\p</subfield>
<subfield code="0">(DE-588)117095427</subfield>
<subfield code="0">https://d-nb.info/gnd/117095427</subfield>
<subfield code="0">(DE-101)117095427</subfield>
<subfield code="a">Wagner, Ferdinand</subfield>
<subfield code="d">1862-1941</subfield>
<subfield code="e">Verfasser</subfield>
<subfield code="4">aut</subfield>
<subfield code="2">gnd</subfield>
</datafield>
<datafield ind1="1" ind2="0" tag="245">
<subfield code="a">Die Göttinger Fehde von 1387</subfield>
<subfield code="c">Ferdinand Wagner</subfield>
</datafield>
<datafield ind1=" " ind2="1" tag="264">
<subfield code="a">Göttingen</subfield>
<subfield code="b">Turm-Verlag W. H. Lange</subfield>
<subfield code="c">[1922]</subfield>
</datafield>
<datafield ind1=" " ind2=" " tag="300">
<subfield code="a">61 S.</subfield>
<subfield code="c">8</subfield>
</datafield>
<datafield ind1=" " ind2=" " tag="336">
<subfield code="a">Text</subfield>
<subfield code="b">txt</subfield>
<subfield code="2">rdacontent</subfield>
</datafield>
<datafield ind1=" " ind2=" " tag="337">
<subfield code="a">ohne Hilfsmittel zu benutzen</subfield>
<subfield code="b">n</subfield>
<subfield code="2">rdamedia</subfield>
</datafield>
<datafield ind1=" " ind2=" " tag="338">
<subfield code="a">Band</subfield>
<subfield code="b">nc</subfield>
<subfield code="2">rdacarrier</subfield>
</datafield>
<datafield ind1=" " ind2=" " tag="366">
<subfield code="c">OP 20150504</subfield>
<subfield code="2">onixas</subfield>
</datafield>
<datafield ind1="1" ind2=" " tag="490">
<subfield code="a">Bücher der Spinnstube</subfield>
<subfield code="v">Bd. 6</subfield>
</datafield>
<datafield ind1=" " ind2=" " tag="500">
<subfield code="a">In Fraktur</subfield>
</datafield>
<datafield ind1="0" ind2="8" tag="776">
<subfield code="i">Elektronische Reproduktion</subfield>
<subfield code="a">Wagner, Ferdinand, 1862-1941</subfield>
<subfield code="t">Die Göttinger Fehde von 1387</subfield>
<subfield code="d">Göttingen : Turm-Verlag W. H. Lange, [1922]</subfield>
<subfield code="h">61 S.</subfield>
<subfield code="w">(DE-101)1033101230</subfield>
</datafield>
<datafield ind1=" " ind2="0" tag="830">
<subfield code="a">Bücher der Spinnstube</subfield>
<subfield code="v">Bd. 6</subfield>
<subfield code="9">16</subfield>
</datafield>
<datafield ind1=" " ind2=" " tag="850">
<subfield code="a">DE-101a</subfield>
</datafield>
<datafield ind1=" " ind2=" " tag="883">
<subfield code="8">1\p</subfield>
<subfield code="a">cgwrk</subfield>
<subfield code="d">20210314</subfield>
<subfield code="q">DE-101</subfield>
<subfield code="u">https://d-nb.info/provenance/plan#cgwrk</subfield>
</datafield>
</record>