<record type="Bibliographic" xmlns="http://www.loc.gov/MARC21/slim">
<leader>00000nam a2200000 c 4500</leader>
<controlfield tag="001">1033101230</controlfield>
<controlfield tag="003">DE-101</controlfield>
<controlfield tag="005">20250711085946.0</controlfield>
<controlfield tag="007">cr||||||||||||</controlfield>
<controlfield tag="008">130402s1922    gw |||||o|||| 00||||ger  </controlfield>
<datafield ind1=" " ind2=" " tag="015">
<subfield code="a">17,O06</subfield>
<subfield code="2">dnb</subfield>
</datafield>
<datafield ind1="7" ind2=" " tag="016">
<subfield code="2">DE-101</subfield>
<subfield code="a">1033101230</subfield>
</datafield>
<datafield ind1="7" ind2=" " tag="024">
<subfield code="2">urn</subfield>
<subfield code="a">urn:nbn:de:101:1-20130505565</subfield>
</datafield>
<datafield ind1=" " ind2=" " tag="035">
<subfield code="a">(DE-599)DNB1033101230</subfield>
</datafield>
<datafield ind1=" " ind2=" " tag="035">
<subfield code="a">(OCoLC)989780473</subfield>
</datafield>
<datafield ind1=" " ind2=" " tag="040">
<subfield code="a">1140</subfield>
<subfield code="b">ger</subfield>
<subfield code="c">DE-101</subfield>
<subfield code="d">1215</subfield>
</datafield>
<datafield ind1=" " ind2=" " tag="041">
<subfield code="a">ger</subfield>
</datafield>
<datafield ind1=" " ind2=" " tag="044">
<subfield code="c">XA-DE</subfield>
</datafield>
<datafield ind1="1" ind2=" " tag="100">
<subfield code="8">1\p</subfield>
<subfield code="0">(DE-588)117095427</subfield>
<subfield code="0">https://d-nb.info/gnd/117095427</subfield>
<subfield code="0">(DE-101)117095427</subfield>
<subfield code="a">Wagner, Ferdinand</subfield>
<subfield code="d">1862-1941</subfield>
<subfield code="e">Verfasser</subfield>
<subfield code="4">aut</subfield>
<subfield code="2">gnd</subfield>
</datafield>
<datafield ind1="1" ind2="0" tag="245">
<subfield code="a">Die Göttinger Fehde von 1387</subfield>
<subfield code="c">Ferdinand Wagner</subfield>
</datafield>
<datafield ind1=" " ind2="1" tag="264">
<subfield code="a">Göttingen</subfield>
<subfield code="b">Turm-Verlag W. H. Lange</subfield>
<subfield code="c">[1922]</subfield>
</datafield>
<datafield ind1=" " ind2=" " tag="300">
<subfield code="a">61 S.</subfield>
</datafield>
<datafield ind1=" " ind2=" " tag="336">
<subfield code="a">Text</subfield>
<subfield code="b">txt</subfield>
<subfield code="2">rdacontent</subfield>
</datafield>
<datafield ind1=" " ind2=" " tag="337">
<subfield code="a">Computermedien</subfield>
<subfield code="b">c</subfield>
<subfield code="2">rdamedia</subfield>
</datafield>
<datafield ind1=" " ind2=" " tag="338">
<subfield code="a">Online-Ressource</subfield>
<subfield code="b">cr</subfield>
<subfield code="2">rdacarrier</subfield>
</datafield>
<datafield ind1="1" ind2=" " tag="490">
<subfield code="a">Bücher der Spinnstube</subfield>
<subfield code="v">Bd. 6</subfield>
</datafield>
<datafield ind1=" " ind2=" " tag="500">
<subfield code="a">Urheberrechtsschutz: In Copyright (http://rightsstatements.org/vocab/InC/1.0/) - Wahrnehmung der Rechte durch die VG WORT und VG Bild-Kunst (§ 52 VGG). Nutzung nach § 44b Abs. 2 in Verbindung mit Abs. 3 UrhG für Zwecke des Text- und Data-Minings vorbehalten.</subfield>
</datafield>
<datafield ind1=" " ind2=" " tag="500">
<subfield code="a">In Fraktur</subfield>
</datafield>
<datafield ind1="0" ind2=" " tag="506">
<subfield code="a">Open Access</subfield>
<subfield code="f">Unrestricted online access</subfield>
<subfield code="g">20220107</subfield>
<subfield code="q">DNB</subfield>
<subfield code="u">http://purl.org/coar/access_right/c_abf2</subfield>
<subfield code="2">star</subfield>
</datafield>
<datafield ind1=" " ind2=" " tag="530">
<subfield code="a">Online-Ausg.:</subfield>
</datafield>
<datafield ind1=" " ind2=" " tag="533">
<subfield code="7">s2013uuuu</subfield>
<subfield code="a">Online-Ausg.:</subfield>
<subfield code="b">Leipzig ; Frankfurt, M.</subfield>
<subfield code="c">Dt. Nationalbibliothek</subfield>
<subfield code="d">2013</subfield>
<subfield code="e">Online-Ressource</subfield>
<subfield code="n">[Online-Ausg.]</subfield>
</datafield>
<datafield ind1=" " ind2=" " tag="540">
<subfield code="a">Urheberrechtsschutz, Wahrnehmung der Rechte durch die VG WORT und VG Bild-Kunst (§ 52 VGG). Nutzung nach § 44b Abs. 2 in Verbindung mit Abs. 3 UrhG für Zwecke des Text- und Data-Minings vorbehalten.</subfield>
<subfield code="f">InC 1.0</subfield>
<subfield code="g">20220107</subfield>
<subfield code="q">DNB</subfield>
<subfield code="u">http://rightsstatements.org/vocab/InC/1.0/</subfield>
</datafield>
<datafield ind1="1" ind2=" " tag="583">
<subfield code="a">Archivierung/Langzeitarchivierung gewährleistet</subfield>
<subfield code="5">DE-101</subfield>
<subfield code="2">pdager</subfield>
</datafield>
<datafield ind1="0" ind2="8" tag="776">
<subfield code="i">Elektronische Reproduktion von</subfield>
<subfield code="a">Wagner, Ferdinand, 1862-1941</subfield>
<subfield code="t">Die Göttinger Fehde von 1387</subfield>
<subfield code="d">Göttingen : Turm-Verlag W. H. Lange, [1922]</subfield>
<subfield code="h">61 S.</subfield>
<subfield code="w">(DE-101)362993866</subfield>
</datafield>
<datafield ind1=" " ind2="0" tag="830">
<subfield code="a">Bücher der Spinnstube</subfield>
<subfield code="v">Bd. 6</subfield>
<subfield code="9">16</subfield>
</datafield>
<datafield ind1=" " ind2=" " tag="850">
<subfield code="a">DE-101a</subfield>
<subfield code="a">DE-101b</subfield>
</datafield>
<datafield ind1="4" ind2="0" tag="856">
<subfield code="u">https://nbn-resolving.org/urn:nbn:de:101:1-20130505565</subfield>
<subfield code="x">Resolving-System</subfield>
</datafield>
<datafield ind1=" " ind2="0" tag="856">
<subfield code="u">https://d-nb.info/1033101230/34</subfield>
<subfield code="x">Langzeitarchivierung Nationalbibliothek</subfield>
</datafield>
<datafield ind1=" " ind2=" " tag="883">
<subfield code="8">1\p</subfield>
<subfield code="a">cgwrk</subfield>
<subfield code="d">20210314</subfield>
<subfield code="q">DE-101</subfield>
<subfield code="u">https://d-nb.info/provenance/plan#cgwrk</subfield>
</datafield>
<datafield ind1="r" ind2=" " tag="925">
<subfield code="a">ro</subfield>
</datafield>
<datafield ind1="d" ind2=" " tag="925">
<subfield code="a">d003</subfield>
</datafield>
<datafield ind1=" " ind2=" " tag="927">
<subfield code="a">174292998</subfield>
</datafield>
</record>