<record type="Bibliographic" xmlns="http://www.loc.gov/MARC21/slim">
<leader>00000nam a2200000 c 4500</leader>
<controlfield tag="001">576179140</controlfield>
<controlfield tag="003">DE-101</controlfield>
<controlfield tag="005">20171203070628.0</controlfield>
<controlfield tag="007">tu</controlfield>
<controlfield tag="008">020308s1916    gw ||||| |||| 00||||ger  </controlfield>
<datafield ind1=" " ind2=" " tag="015">
<subfield code="a">00,L01</subfield>
<subfield code="2">dnb</subfield>
</datafield>
<datafield ind1="7" ind2=" " tag="016">
<subfield code="2">DE-101</subfield>
<subfield code="a">576179140</subfield>
</datafield>
<datafield ind1=" " ind2=" " tag="035">
<subfield code="a">(DE-599)DNB576179140</subfield>
</datafield>
<datafield ind1=" " ind2=" " tag="035">
<subfield code="a">(OCoLC)72127708</subfield>
</datafield>
<datafield ind1=" " ind2=" " tag="040">
<subfield code="a">9999</subfield>
<subfield code="b">ger</subfield>
<subfield code="c">DE-101</subfield>
<subfield code="d">9999</subfield>
</datafield>
<datafield ind1=" " ind2=" " tag="041">
<subfield code="a">ger</subfield>
</datafield>
<datafield ind1=" " ind2=" " tag="044">
<subfield code="c">XA-DE</subfield>
</datafield>
<datafield ind1="1" ind2=" " tag="100">
<subfield code="0">(DE-588)117364568</subfield>
<subfield code="0">https://d-nb.info/gnd/117364568</subfield>
<subfield code="0">(DE-101)117364568</subfield>
<subfield code="a">Siegl, Karl</subfield>
<subfield code="d">1851-1943</subfield>
<subfield code="e">Verfasser</subfield>
<subfield code="4">aut</subfield>
<subfield code="2">gnd</subfield>
</datafield>
<datafield ind1="1" ind2="0" tag="245">
<subfield code="a">Die Fehde Egers mit Ritter Jorg von Zedwitz auf Liebenstein</subfield>
<subfield code="c">Karl Siegl</subfield>
</datafield>
<datafield ind1=" " ind2="1" tag="264">
<subfield code="a">[s. l.] @</subfield>
<subfield code="b">[s. n.] @</subfield>
<subfield code="c">1916</subfield>
</datafield>
<datafield ind1=" " ind2="3" tag="264">
<subfield code="a">Prag</subfield>
<subfield code="b">A. Haase</subfield>
</datafield>
<datafield ind1=" " ind2=" " tag="300">
<subfield code="a">95 S.</subfield>
<subfield code="b">4 Taf., 1 Titelb.</subfield>
<subfield code="c">gr. 8 [Umschlagt.]</subfield>
</datafield>
<datafield ind1=" " ind2=" " tag="336">
<subfield code="a">Text</subfield>
<subfield code="b">txt</subfield>
<subfield code="2">rdacontent</subfield>
</datafield>
<datafield ind1=" " ind2=" " tag="337">
<subfield code="a">ohne Hilfsmittel zu benutzen</subfield>
<subfield code="b">n</subfield>
<subfield code="2">rdamedia</subfield>
</datafield>
<datafield ind1=" " ind2=" " tag="338">
<subfield code="a">Band</subfield>
<subfield code="b">nc</subfield>
<subfield code="2">rdacarrier</subfield>
</datafield>
<datafield ind1=" " ind2=" " tag="500">
<subfield code="a">Aus: "Mitteilungen d. Vereines f. Geschichte d. Deutschen in Böhmen". Jg. 55, H. 1</subfield>
</datafield>
<datafield ind1=" " ind2=" " tag="850">
<subfield code="a">DE-101a</subfield>
</datafield>
</record>