<record type="Bibliographic" xmlns="http://www.loc.gov/MARC21/slim">
<leader>00000nam a2200000 c 4500</leader>
<controlfield tag="001">1274966884</controlfield>
<controlfield tag="003">DE-101</controlfield>
<controlfield tag="005">20250318170354.0</controlfield>
<controlfield tag="007">tu</controlfield>
<controlfield tag="008">221208s1899    gw ||||| |||| 00||||ger  </controlfield>
<datafield ind1="7" ind2=" " tag="016">
<subfield code="2">DE-101</subfield>
<subfield code="a">1274966884</subfield>
</datafield>
<datafield ind1=" " ind2=" " tag="020">
<subfield code="a">9783112694435</subfield>
<subfield code="c">: EUR 109.95 (DE), EUR 109.95 (AT)</subfield>
<subfield code="9">978-3-11-269443-5</subfield>
</datafield>
<datafield ind1=" " ind2=" " tag="020">
<subfield code="a">3112694430</subfield>
<subfield code="9">3-11-269443-0</subfield>
</datafield>
<datafield ind1="3" ind2=" " tag="024">
<subfield code="a">9783112694435</subfield>
</datafield>
<datafield ind1=" " ind2=" " tag="035">
<subfield code="a">(DE-599)DNB1274966884</subfield>
</datafield>
<datafield ind1=" " ind2=" " tag="035">
<subfield code="a">(OCoLC)1354765519</subfield>
</datafield>
<datafield ind1=" " ind2=" " tag="040">
<subfield code="a">1145</subfield>
<subfield code="b">ger</subfield>
<subfield code="c">DE-101</subfield>
<subfield code="d">9999</subfield>
</datafield>
<datafield ind1=" " ind2=" " tag="041">
<subfield code="a">ger</subfield>
</datafield>
<datafield ind1=" " ind2=" " tag="044">
<subfield code="c">XA-DE-BE</subfield>
</datafield>
<datafield ind1="7" ind2="4" tag="082">
<subfield code="8">3\p</subfield>
<subfield code="a">500</subfield>
<subfield code="q">DE-101</subfield>
<subfield code="2">23sdnb</subfield>
</datafield>
<datafield ind1="1" ind2=" " tag="100">
<subfield code="8">1\p</subfield>
<subfield code="0">(DE-588)116479124</subfield>
<subfield code="0">https://d-nb.info/gnd/116479124</subfield>
<subfield code="0">(DE-101)116479124</subfield>
<subfield code="a">Geffcken, Heinrich</subfield>
<subfield code="d">1865-1916</subfield>
<subfield code="e">Verfasser</subfield>
<subfield code="4">aut</subfield>
<subfield code="2">gnd</subfield>
</datafield>
<datafield ind1="1" ind2="0" tag="245">
<subfield code="a">Fehde und Duell</subfield>
<subfield code="b">Vortrag, gehalten in der Aula der Universität Rostock am 13. Februar 1899</subfield>
<subfield code="c">Heinrich Geffcken</subfield>
</datafield>
<datafield ind1=" " ind2=" " tag="250">
<subfield code="a">Reprint 2022</subfield>
</datafield>
<datafield ind1=" " ind2=" " tag="259">
<subfield code="a">42022</subfield>
</datafield>
<datafield ind1=" " ind2="1" tag="264">
<subfield code="a">Berlin</subfield>
<subfield code="b">De Gruyter</subfield>
<subfield code="c">1899</subfield>
</datafield>
<datafield ind1=" " ind2=" " tag="300">
<subfield code="a">32 Seiten</subfield>
<subfield code="c">246 g</subfield>
</datafield>
<datafield ind1=" " ind2=" " tag="336">
<subfield code="a">Text</subfield>
<subfield code="b">txt</subfield>
<subfield code="2">rdacontent</subfield>
</datafield>
<datafield ind1=" " ind2=" " tag="337">
<subfield code="a">ohne Hilfsmittel zu benutzen</subfield>
<subfield code="b">n</subfield>
<subfield code="2">rdamedia</subfield>
</datafield>
<datafield ind1=" " ind2=" " tag="338">
<subfield code="a">Band</subfield>
<subfield code="b">nc</subfield>
<subfield code="2">rdacarrier</subfield>
</datafield>
<datafield ind1=" " ind2=" " tag="653">
<subfield code="a">(Produktform)Hardback</subfield>
</datafield>
<datafield ind1=" " ind2=" " tag="653">
<subfield code="a">(Zielgruppe)Fachpublikum/ Wissenschaft</subfield>
</datafield>
<datafield ind1=" " ind2=" " tag="653">
<subfield code="a">(Zielgruppe)Fachpublikum/ Wissenschaft</subfield>
</datafield>
<datafield ind1=" " ind2=" " tag="653">
<subfield code="a">(BISAC Subject Heading)NON000000</subfield>
</datafield>
<datafield ind1=" " ind2=" " tag="653">
<subfield code="a">(BIC subject category)GTG: General studies</subfield>
</datafield>
<datafield ind1=" " ind2=" " tag="653">
<subfield code="a">(BISAC Subject Heading)NON000000</subfield>
</datafield>
<datafield ind1=" " ind2=" " tag="653">
<subfield code="a">(VLB-WN)9989: Nonbooks, PBS / Sachbücher/Natur, Technik/Sonstiges</subfield>
</datafield>
<datafield ind1=" " ind2=" " tag="653">
<subfield code="a">(BISAC Subject Heading)NON000000: NON000000 NON-CLASSIFIABLE</subfield>
</datafield>
<datafield ind1="2" ind2=" " tag="710">
<subfield code="8">2\p</subfield>
<subfield code="0">(DE-588)10095502-2</subfield>
<subfield code="0">https://d-nb.info/gnd/10095502-2</subfield>
<subfield code="0">(DE-101)973837799</subfield>
<subfield code="a">Walter de Gruyter GmbH &amp; Co. KG</subfield>
<subfield code="e">Verlag</subfield>
<subfield code="4">pbl</subfield>
<subfield code="2">gnd</subfield>
</datafield>
<datafield ind1="0" ind2="8" tag="776">
<subfield code="i">Erscheint auch als</subfield>
<subfield code="n">Online-Ausgabe</subfield>
<subfield code="a">Geffcken, Heinrich, 1865-1916</subfield>
<subfield code="t">Fehde und Duell</subfield>
<subfield code="d">Berlin/Boston : De Gruyter, 1900</subfield>
<subfield code="h">1 Online-Ressource, 32 Seiten</subfield>
<subfield code="w">(DE-101)1287072631</subfield>
<subfield code="b">Reprint 2022</subfield>
</datafield>
<datafield ind1="4" ind2="2" tag="856">
<subfield code="m">X:MVB</subfield>
<subfield code="u">https://www.degruyter.com/isbn/9783112694435</subfield>
</datafield>
<datafield ind1=" " ind2=" " tag="883">
<subfield code="8">1\p</subfield>
<subfield code="a">cgwrk</subfield>
<subfield code="d">20221209</subfield>
<subfield code="q">DE-101</subfield>
<subfield code="u">https://d-nb.info/provenance/plan#cgwrk</subfield>
</datafield>
<datafield ind1="1" ind2=" " tag="883">
<subfield code="8">2\p</subfield>
<subfield code="a">adb</subfield>
<subfield code="d">20221208</subfield>
<subfield code="q">DE-101</subfield>
<subfield code="u">https://d-nb.info/provenance/plan#adb</subfield>
</datafield>
<datafield ind1="1" ind2=" " tag="883">
<subfield code="8">3\p</subfield>
<subfield code="a">vlb</subfield>
<subfield code="d">20221208</subfield>
<subfield code="q">DE-101</subfield>
<subfield code="u">https://d-nb.info/provenance/plan#vlb</subfield>
</datafield>
<datafield ind1="1" ind2=" " tag="926">
<subfield code="a">WZS</subfield>
<subfield code="o">93</subfield>
<subfield code="q">Publisher</subfield>
<subfield code="v">1.5</subfield>
<subfield code="x">Schreibwaren (bedruckt)</subfield>
</datafield>
</record>