<record type="Bibliographic" xmlns="http://www.loc.gov/MARC21/slim">
<leader>00000nam a2200000 c 4500</leader>
<controlfield tag="001">361988249</controlfield>
<controlfield tag="003">DE-101</controlfield>
<controlfield tag="005">20200213093732.0</controlfield>
<controlfield tag="007">tu</controlfield>
<controlfield tag="008">030221s1898    gw ||||| |||| 00||||ger  </controlfield>
<datafield ind1=" " ind2=" " tag="015">
<subfield code="a">00,L01</subfield>
<subfield code="2">dnb</subfield>
</datafield>
<datafield ind1="7" ind2=" " tag="016">
<subfield code="2">DE-101</subfield>
<subfield code="a">361988249</subfield>
</datafield>
<datafield ind1=" " ind2=" " tag="035">
<subfield code="a">(DE-599)DNB361988249</subfield>
</datafield>
<datafield ind1=" " ind2=" " tag="035">
<subfield code="a">(OCoLC)72677207</subfield>
</datafield>
<datafield ind1=" " ind2=" " tag="040">
<subfield code="a">1140</subfield>
<subfield code="b">ger</subfield>
<subfield code="c">DE-101</subfield>
<subfield code="d">1931</subfield>
</datafield>
<datafield ind1=" " ind2=" " tag="041">
<subfield code="a">ger</subfield>
</datafield>
<datafield ind1=" " ind2=" " tag="044">
<subfield code="c">XA-DE</subfield>
</datafield>
<datafield ind1="1" ind2=" " tag="100">
<subfield code="0">(DE-588)10080389X</subfield>
<subfield code="0">https://d-nb.info/gnd/10080389X</subfield>
<subfield code="0">(DE-101)10080389X</subfield>
<subfield code="a">Ortmann, Reinhold</subfield>
<subfield code="d">1859-1929</subfield>
<subfield code="e">Verfasser</subfield>
<subfield code="4">aut</subfield>
<subfield code="2">gnd</subfield>
</datafield>
<datafield ind1="1" ind2="0" tag="245">
<subfield code="a">Die Fehde des Besiegten</subfield>
<subfield code="b">Orig.-Roman</subfield>
<subfield code="c">von Reinhold Ortmann</subfield>
</datafield>
<datafield ind1=" " ind2="1" tag="264">
<subfield code="a">Berlin</subfield>
<subfield code="a">Eisenach</subfield>
<subfield code="a">Leipzig</subfield>
<subfield code="b">Hillger</subfield>
<subfield code="c">[1898]</subfield>
</datafield>
<datafield ind1=" " ind2=" " tag="300">
<subfield code="a">127 S.</subfield>
<subfield code="b">[Ill.]</subfield>
<subfield code="c">8</subfield>
</datafield>
<datafield ind1=" " ind2=" " tag="336">
<subfield code="a">Text</subfield>
<subfield code="b">txt</subfield>
<subfield code="2">rdacontent</subfield>
</datafield>
<datafield ind1=" " ind2=" " tag="337">
<subfield code="a">ohne Hilfsmittel zu benutzen</subfield>
<subfield code="b">n</subfield>
<subfield code="2">rdamedia</subfield>
</datafield>
<datafield ind1=" " ind2=" " tag="338">
<subfield code="a">Band</subfield>
<subfield code="b">nc</subfield>
<subfield code="2">rdacarrier</subfield>
</datafield>
<datafield ind1=" " ind2=" " tag="366">
<subfield code="c">OP 20150504</subfield>
<subfield code="2">onixas</subfield>
</datafield>
<datafield ind1="1" ind2=" " tag="490">
<subfield code="a">Kürschners Bücherschatz</subfield>
<subfield code="v">Nr. 114</subfield>
</datafield>
<datafield ind1=" " ind2="0" tag="830">
<subfield code="a">Kürschners Bücherschatz</subfield>
<subfield code="v">Nr. 114</subfield>
<subfield code="w">(DE-101)022800131</subfield>
<subfield code="w">(DE-600)2061985-6</subfield>
<subfield code="9">3114</subfield>
<subfield code="7">as</subfield>
</datafield>
<datafield ind1=" " ind2=" " tag="850">
<subfield code="a">DE-101a</subfield>
</datafield>
</record>