<record type="Bibliographic" xmlns="http://www.loc.gov/MARC21/slim">
<leader>00000nam a2200000uc 4500</leader>
<controlfield tag="001">932299636</controlfield>
<controlfield tag="003">DE-101</controlfield>
<controlfield tag="005">20171202191208.0</controlfield>
<controlfield tag="007">tu</controlfield>
<controlfield tag="008">940801s1825    gw ||||| |||| 00||||ger  </controlfield>
<datafield ind1="7" ind2=" " tag="016">
<subfield code="2">DE-101</subfield>
<subfield code="a">932299636</subfield>
</datafield>
<datafield ind1=" " ind2=" " tag="020">
<subfield code="a">9783628372513</subfield>
<subfield code="9">978-3-628-37251-3</subfield>
</datafield>
<datafield ind1=" " ind2=" " tag="020">
<subfield code="a">3628372518</subfield>
<subfield code="9">3-628-37251-8</subfield>
</datafield>
<datafield ind1=" " ind2=" " tag="035">
<subfield code="a">(DE-599)DNB932299636</subfield>
</datafield>
<datafield ind1=" " ind2=" " tag="035">
<subfield code="a">(OCoLC)722259004</subfield>
</datafield>
<datafield ind1=" " ind2=" " tag="040">
<subfield code="a">9999</subfield>
<subfield code="b">ger</subfield>
<subfield code="c">DE-101</subfield>
<subfield code="d">9999</subfield>
</datafield>
<datafield ind1=" " ind2=" " tag="041">
<subfield code="a">ger</subfield>
</datafield>
<datafield ind1=" " ind2=" " tag="044">
<subfield code="c">XA-DE</subfield>
</datafield>
<datafield ind1=" " ind2=" " tag="084">
<subfield code="a">59</subfield>
<subfield code="a">810</subfield>
<subfield code="a">820</subfield>
<subfield code="a">830</subfield>
<subfield code="a">839</subfield>
<subfield code="a">840</subfield>
<subfield code="a">850</subfield>
<subfield code="a">860</subfield>
<subfield code="a">870</subfield>
<subfield code="a">880</subfield>
<subfield code="a">890</subfield>
<subfield code="a">B</subfield>
<subfield code="q">DE-101</subfield>
<subfield code="2">sdnb</subfield>
</datafield>
<datafield ind1="1" ind2=" " tag="100">
<subfield code="0">(DE-588)113668732</subfield>
<subfield code="0">https://d-nb.info/gnd/113668732</subfield>
<subfield code="0">(DE-101)113668732</subfield>
<subfield code="a">Dietrich, Ewald Christian Victorin</subfield>
<subfield code="d">1785-1832</subfield>
<subfield code="e">Verfasser</subfield>
<subfield code="4">aut</subfield>
<subfield code="2">gnd</subfield>
</datafield>
<datafield ind1="1" ind2="0" tag="245">
<subfield code="a">Der Kuckukstein oder die Ritter des Elbhochlandes</subfield>
<subfield code="b">e. histor. Roman aus d. Zeiten d. Donaer Fehde u. d. Hussitenkrieges</subfield>
<subfield code="c">von Ewald Dietrich</subfield>
</datafield>
<datafield ind1=" " ind2=" " tag="250">
<subfield code="a">[Mikrofiche-Ausg.]</subfield>
</datafield>
<datafield ind1=" " ind2=" " tag="259">
<subfield code="a">mi</subfield>
</datafield>
<datafield ind1=" " ind2="1" tag="264">
<subfield code="a">Meissen</subfield>
<subfield code="b">Goedsche</subfield>
<subfield code="c">1825</subfield>
</datafield>
<datafield ind1=" " ind2=" " tag="300">
<subfield code="a">244 S.</subfield>
<subfield code="b">Ill.</subfield>
</datafield>
<datafield ind1=" " ind2=" " tag="336">
<subfield code="a">Text</subfield>
<subfield code="b">txt</subfield>
<subfield code="2">rdacontent</subfield>
</datafield>
<datafield ind1=" " ind2=" " tag="337">
<subfield code="a">Mikroform</subfield>
<subfield code="b">h</subfield>
<subfield code="2">rdamedia</subfield>
</datafield>
<datafield ind1=" " ind2=" " tag="338">
<subfield code="a">Mikrofiche</subfield>
<subfield code="b">he</subfield>
<subfield code="2">rdacarrier</subfield>
</datafield>
<datafield ind1=" " ind2=" " tag="366">
<subfield code="c">OP 20150504</subfield>
<subfield code="2">onixas</subfield>
</datafield>
<datafield ind1=" " ind2=" " tag="500">
<subfield code="a">Mikrofiche-Ausg.: Wildberg : Belser Wiss. Dienst, 1989 - 1990. (Edition Corvey)</subfield>
</datafield>
<datafield ind1=" " ind2=" " tag="850">
<subfield code="a">DE-101a</subfield>
<subfield code="a">DE-101b</subfield>
</datafield>
</record>