<record type="Bibliographic" xmlns="http://www.loc.gov/MARC21/slim">
<leader>00000nam a2200000uc 4500</leader>
<controlfield tag="001">1063457297</controlfield>
<controlfield tag="003">DE-101</controlfield>
<controlfield tag="005">20171202044545.0</controlfield>
<controlfield tag="007">cr uuu---uuuuu</controlfield>
<controlfield tag="008">090326s1658    gw |||||o|||| 00||||ger  </controlfield>
<datafield ind1="7" ind2=" " tag="016">
<subfield code="2">DE-101</subfield>
<subfield code="a">1063457297</subfield>
</datafield>
<datafield ind1="7" ind2=" " tag="024">
<subfield code="2">urn</subfield>
<subfield code="a">urn:nbn:de:gbv:3:1-18558</subfield>
</datafield>
<datafield ind1=" " ind2=" " tag="035">
<subfield code="a">(DE-599)GBV594883954</subfield>
</datafield>
<datafield ind1=" " ind2=" " tag="035">
<subfield code="a">(DE-601)594883954</subfield>
</datafield>
<datafield ind1=" " ind2=" " tag="035">
<subfield code="a">(OCoLC)836994935</subfield>
</datafield>
<datafield ind1=" " ind2=" " tag="040">
<subfield code="a">9999</subfield>
<subfield code="b">ger</subfield>
<subfield code="c">DE-101</subfield>
<subfield code="d">9999</subfield>
</datafield>
<datafield ind1=" " ind2=" " tag="041">
<subfield code="a">ger</subfield>
<subfield code="h">lat</subfield>
</datafield>
<datafield ind1=" " ind2=" " tag="044">
<subfield code="c">XA-DE</subfield>
</datafield>
<datafield ind1="1" ind2=" " tag="100">
<subfield code="0">(DE-588)100242219</subfield>
<subfield code="0">https://d-nb.info/gnd/100242219</subfield>
<subfield code="0">(DE-101)100242219</subfield>
<subfield code="a">Paulli, Jacob Henrik</subfield>
<subfield code="d">1637-1704</subfield>
<subfield code="e">Verfasser</subfield>
<subfield code="4">aut</subfield>
<subfield code="2">gnd</subfield>
</datafield>
<datafield ind1="1" ind2="0" tag="245">
<subfield code="a">Epistola Amici ad Amicum De Causis renascentium dissidiorum Sueco-Danicorum, &amp;c. ... Das ist/ Ein Freundes-Schreiben Von denen Ursachen Woher zwischen den Cronen Schweden und Dennemarck die Fehde sich wieder angefangen/ etc.</subfield>
<subfield code="b">Geschrieben in Hamburg den 11. Augusti Anno 1658. ; Aus dem Lateinischen ins Deutsche übersetzt</subfield>
<subfield code="c">[Jacob Henrik Paulli]</subfield>
</datafield>
<datafield ind1="1" ind2="0" tag="246">
<subfield code="a">Kronen Dänemark</subfield>
</datafield>
<datafield ind1=" " ind2=" " tag="300">
<subfield code="a">Online-Ressource (Text) [8] Bl</subfield>
<subfield code="c">4°</subfield>
</datafield>
<datafield ind1=" " ind2=" " tag="336">
<subfield code="a">Text</subfield>
<subfield code="b">txt</subfield>
<subfield code="2">rdacontent</subfield>
</datafield>
<datafield ind1=" " ind2=" " tag="337">
<subfield code="a">Computermedien</subfield>
<subfield code="b">c</subfield>
<subfield code="2">rdamedia</subfield>
</datafield>
<datafield ind1=" " ind2=" " tag="338">
<subfield code="a">Online-Ressource</subfield>
<subfield code="b">cr</subfield>
<subfield code="2">rdacarrier</subfield>
</datafield>
<datafield ind1=" " ind2=" " tag="500">
<subfield code="a">Verf. ermittelt in: HAB-AK; GBV; Bircher-Bürger. - Besprochen in: VD17 23:300462Q</subfield>
</datafield>
<datafield ind1=" " ind2=" " tag="530">
<subfield code="a">Online-Ausg.: Auch Sekundärausg.</subfield>
</datafield>
<datafield ind1=" " ind2=" " tag="533">
<subfield code="7">s2008uuuu</subfield>
<subfield code="a">Online-Ausg.</subfield>
<subfield code="b">Halle, Saale</subfield>
<subfield code="c">Universitäts- und Landesbibliothek Sachsen-Anhalt</subfield>
<subfield code="d">2008</subfield>
<subfield code="f">Digitalisierung von Drucken des 17. Jahrhunderts aus der Sammlung Ponickau der Universitäts- und Landesbibliothek Sachsen-Anhalt</subfield>
</datafield>
<datafield ind1="1" ind2=" " tag="535">
<subfield code="a">ULB Halle</subfield>
<subfield code="g">Pon IIn 6756, QK</subfield>
</datafield>
<datafield ind1="1" ind2=" " tag="583">
<subfield code="a">Archivierung/Langzeitarchivierung gewährleistet</subfield>
<subfield code="5">DE-101</subfield>
<subfield code="2">pdager</subfield>
</datafield>
<datafield ind1="0" ind2="8" tag="787">
<subfield code="t">Druckausg.: Paulli, Jacob Henrik: Epistola Amici ad Amicum De Causis renascentium dissid ...</subfield>
</datafield>
<datafield ind1=" " ind2=" " tag="850">
<subfield code="a">DE-101a</subfield>
<subfield code="a">DE-101b</subfield>
</datafield>
<datafield ind1="4" ind2="0" tag="856">
<subfield code="u">https://nbn-resolving.org/urn:nbn:de:gbv:3:1-18558</subfield>
<subfield code="x">Resolving-System</subfield>
</datafield>
<datafield ind1=" " ind2="0" tag="856">
<subfield code="u">https://d-nb.info/1063457297/34</subfield>
<subfield code="x">Langzeitarchivierung Nationalbibliothek</subfield>
</datafield>
<datafield ind1="4" ind2=" " tag="856">
<subfield code="u">http://nbn-resolving.de/urn:nbn:de:gbv:3:1-18558</subfield>
</datafield>
<datafield ind1="d" ind2=" " tag="925">
<subfield code="a">df01</subfield>
</datafield>
<datafield ind1=" " ind2=" " tag="927">
<subfield code="a">52953089</subfield>
</datafield>
</record>