<record type="Bibliographic" xmlns="http://www.loc.gov/MARC21/slim">
<leader>00000nam a2200000uc 4500</leader>
<controlfield tag="001">1063458749</controlfield>
<controlfield tag="003">DE-101</controlfield>
<controlfield tag="005">20171202044553.0</controlfield>
<controlfield tag="007">cr uuu---uuuuu</controlfield>
<controlfield tag="008">090326s1657    gw |||||o|||| 00||||ger  </controlfield>
<datafield ind1="7" ind2=" " tag="016">
<subfield code="2">DE-101</subfield>
<subfield code="a">1063458749</subfield>
</datafield>
<datafield ind1="7" ind2=" " tag="024">
<subfield code="2">urn</subfield>
<subfield code="a">urn:nbn:de:gbv:3:1-18124</subfield>
</datafield>
<datafield ind1=" " ind2=" " tag="035">
<subfield code="a">(DE-599)GBV594884454</subfield>
</datafield>
<datafield ind1=" " ind2=" " tag="035">
<subfield code="a">(DE-601)594884454</subfield>
</datafield>
<datafield ind1=" " ind2=" " tag="035">
<subfield code="a">(OCoLC)836995854</subfield>
</datafield>
<datafield ind1=" " ind2=" " tag="040">
<subfield code="a">9999</subfield>
<subfield code="b">ger</subfield>
<subfield code="c">DE-101</subfield>
<subfield code="d">9999</subfield>
</datafield>
<datafield ind1=" " ind2=" " tag="041">
<subfield code="a">ger</subfield>
</datafield>
<datafield ind1=" " ind2=" " tag="044">
<subfield code="c">XA-DE</subfield>
</datafield>
<datafield ind1="0" ind2="0" tag="245">
<subfield code="a">Ius feciale Armatae Daniae</subfield>
<subfield code="b">Nebenst Kurtzen Entwurff/ vieler hocherheblichen Bewegnüssen Dadurch Die zu Dennemarck/ Norwegen/ der Wenden und Gothen etc. Königl. Maj. hochgenötiget worden König Carl Gustaven und der Cron Schweden nach zugefügten unerträglichen beschwerden/ und von ihnen zerschlagener Güte/ offenbare Fehde zu Wasser und Lande/ durch dero Herold gebürlich anzukündigen/ und alle nachbarliche Freundschafft auffzuheben ; Erstlich gedruckt zu Kopenhagen/ Bey Peter Morsing ... 1657.</subfield>
<subfield code="c">[Wir Friderich der Dritte/ von Gottes Gnaden/ zu Dennemarck/ Norwegen/ der Wenden und Gothen König ...]. [Hrsg.: Theodor von Reinkingk]</subfield>
</datafield>
<datafield ind1="1" ind2="0" tag="246">
<subfield code="a">nebst kurzem Entwurf Bewegnisse Dänemark Goten hochgenötigt Gustaf Krone gebührlich Freundschaft aufzuheben</subfield>
</datafield>
<datafield ind1=" " ind2=" " tag="300">
<subfield code="a">Online-Ressource (Text) [8] Bl</subfield>
<subfield code="c">4°</subfield>
</datafield>
<datafield ind1=" " ind2=" " tag="336">
<subfield code="a">Text</subfield>
<subfield code="b">txt</subfield>
<subfield code="2">rdacontent</subfield>
</datafield>
<datafield ind1=" " ind2=" " tag="337">
<subfield code="a">Computermedien</subfield>
<subfield code="b">c</subfield>
<subfield code="2">rdamedia</subfield>
</datafield>
<datafield ind1=" " ind2=" " tag="338">
<subfield code="a">Online-Ressource</subfield>
<subfield code="b">cr</subfield>
<subfield code="2">rdacarrier</subfield>
</datafield>
<datafield ind1=" " ind2=" " tag="500">
<subfield code="a">Ausg. früher auch unter VD17 23:332508V. - Hrsg. ermittelt. - In der Bibliotheca Danica, III, 138 und bei Mitchell, 801 ist Dietrich Reinking (= Theodor von Reinkingk) als Verf. angegeben.. - Besprochen in: VD17 14:080387E</subfield>
</datafield>
<datafield ind1=" " ind2=" " tag="530">
<subfield code="a">Online-Ausg.: Auch Sekundärausg.</subfield>
</datafield>
<datafield ind1=" " ind2=" " tag="533">
<subfield code="7">s2008uuuu</subfield>
<subfield code="a">Online-Ausg.</subfield>
<subfield code="b">Halle, Saale</subfield>
<subfield code="c">Universitäts- und Landesbibliothek Sachsen-Anhalt</subfield>
<subfield code="d">2008</subfield>
<subfield code="f">Digitalisierung von Drucken des 17. Jahrhunderts aus der Sammlung Ponickau der Universitäts- und Landesbibliothek Sachsen-Anhalt</subfield>
</datafield>
<datafield ind1="1" ind2=" " tag="535">
<subfield code="a">ULB Halle</subfield>
<subfield code="g">Pon IIn 6751, QK</subfield>
</datafield>
<datafield ind1="1" ind2=" " tag="583">
<subfield code="a">Archivierung/Langzeitarchivierung gewährleistet</subfield>
<subfield code="5">DE-101</subfield>
<subfield code="2">pdager</subfield>
</datafield>
<datafield ind1="0" ind2=" " tag="700">
<subfield code="0">(DE-588)118693484</subfield>
<subfield code="0">https://d-nb.info/gnd/118693484</subfield>
<subfield code="0">(DE-101)118693484</subfield>
<subfield code="a">Friedrich</subfield>
<subfield code="b">III.</subfield>
<subfield code="c">Dänemark, König</subfield>
<subfield code="d">1609-1670</subfield>
<subfield code="e">Mitwirkender</subfield>
<subfield code="4">ctb</subfield>
<subfield code="2">gnd</subfield>
</datafield>
<datafield ind1="1" ind2=" " tag="700">
<subfield code="0">(DE-588)118788272</subfield>
<subfield code="0">https://d-nb.info/gnd/118788272</subfield>
<subfield code="0">(DE-101)118788272</subfield>
<subfield code="a">Reinkingk, Theodor von</subfield>
<subfield code="d">1590-1664</subfield>
<subfield code="e">Mitwirkender</subfield>
<subfield code="4">ctb</subfield>
<subfield code="2">gnd</subfield>
</datafield>
<datafield ind1="0" ind2=" " tag="700">
<subfield code="0">(DE-588)118720945</subfield>
<subfield code="0">https://d-nb.info/gnd/118720945</subfield>
<subfield code="0">(DE-101)118720945</subfield>
<subfield code="a">Karl X. Gustav</subfield>
<subfield code="c">Schweden, König</subfield>
<subfield code="d">1622-1660</subfield>
<subfield code="e">Sonstige</subfield>
<subfield code="4">oth</subfield>
<subfield code="2">gnd</subfield>
</datafield>
<datafield ind1="0" ind2="8" tag="787">
<subfield code="t">Druckausg.: Ius feciale Armatae Daniae</subfield>
</datafield>
<datafield ind1=" " ind2=" " tag="850">
<subfield code="a">DE-101a</subfield>
<subfield code="a">DE-101b</subfield>
</datafield>
<datafield ind1="4" ind2="0" tag="856">
<subfield code="u">https://nbn-resolving.org/urn:nbn:de:gbv:3:1-18124</subfield>
<subfield code="x">Resolving-System</subfield>
</datafield>
<datafield ind1=" " ind2="0" tag="856">
<subfield code="u">https://d-nb.info/1063458749/34</subfield>
<subfield code="x">Langzeitarchivierung Nationalbibliothek</subfield>
</datafield>
<datafield ind1="4" ind2=" " tag="856">
<subfield code="u">http://nbn-resolving.de/urn:nbn:de:gbv:3:1-18124</subfield>
</datafield>
<datafield ind1="d" ind2=" " tag="925">
<subfield code="a">df01</subfield>
</datafield>
<datafield ind1=" " ind2=" " tag="927">
<subfield code="a">52953089</subfield>
</datafield>
</record>