<record type="Bibliographic" xmlns="http://www.loc.gov/MARC21/slim">
<leader>00000nam a2200000 c 4500</leader>
<controlfield tag="001">572661967</controlfield>
<controlfield tag="003">DE-101</controlfield>
<controlfield tag="005">20171203040225.0</controlfield>
<controlfield tag="007">tu</controlfield>
<controlfield tag="008">011030s19XX    gw ||||| |||| 00||||ger  </controlfield>
<datafield ind1=" " ind2=" " tag="015">
<subfield code="a">00,L01</subfield>
<subfield code="2">dnb</subfield>
</datafield>
<datafield ind1="7" ind2=" " tag="016">
<subfield code="2">DE-101</subfield>
<subfield code="a">572661967</subfield>
</datafield>
<datafield ind1=" " ind2=" " tag="035">
<subfield code="a">(DE-599)DNB572661967</subfield>
</datafield>
<datafield ind1=" " ind2=" " tag="035">
<subfield code="a">(OCoLC)1185200948</subfield>
</datafield>
<datafield ind1=" " ind2=" " tag="040">
<subfield code="a">9999</subfield>
<subfield code="b">ger</subfield>
<subfield code="c">DE-101</subfield>
<subfield code="d">9999</subfield>
</datafield>
<datafield ind1=" " ind2=" " tag="041">
<subfield code="a">ger</subfield>
</datafield>
<datafield ind1=" " ind2=" " tag="044">
<subfield code="c">XA-DE</subfield>
</datafield>
<datafield ind1="1" ind2=" " tag="100">
<subfield code="8">1\p</subfield>
<subfield code="a">Damm-Wendler, Ursula</subfield>
<subfield code="e">Verfasser</subfield>
<subfield code="4">aut</subfield>
</datafield>
<datafield ind1="1" ind2="0" tag="245">
<subfield code="a">Die Fehde des Michael Kohlhaas</subfield>
<subfield code="b">Schauspiel frei nach d. Novelle v. Heinrich v. Kleist</subfield>
<subfield code="c">Ursula Damm-Wendler ; Horst Ulrich Wendler</subfield>
</datafield>
<datafield ind1=" " ind2="1" tag="264">
<subfield code="a">[Berlin-Köpenick]</subfield>
<subfield code="b">[H. U. Wendler]</subfield>
<subfield code="c">o. J.</subfield>
</datafield>
<datafield ind1=" " ind2=" " tag="300">
<subfield code="a">62 S.</subfield>
<subfield code="c">8</subfield>
</datafield>
<datafield ind1=" " ind2=" " tag="336">
<subfield code="a">Text</subfield>
<subfield code="b">txt</subfield>
<subfield code="2">rdacontent</subfield>
</datafield>
<datafield ind1=" " ind2=" " tag="337">
<subfield code="a">ohne Hilfsmittel zu benutzen</subfield>
<subfield code="b">n</subfield>
<subfield code="2">rdamedia</subfield>
</datafield>
<datafield ind1=" " ind2=" " tag="338">
<subfield code="a">Band</subfield>
<subfield code="b">nc</subfield>
<subfield code="2">rdacarrier</subfield>
</datafield>
<datafield ind1="1" ind2=" " tag="700">
<subfield code="0">(DE-588)141964766</subfield>
<subfield code="0">https://d-nb.info/gnd/141964766</subfield>
<subfield code="0">(DE-101)141964766</subfield>
<subfield code="a">Wendler, Horst Ulrich</subfield>
<subfield code="d">1926-2009</subfield>
<subfield code="e">Verfasser</subfield>
<subfield code="4">aut</subfield>
<subfield code="2">gnd</subfield>
</datafield>
<datafield ind1=" " ind2=" " tag="850">
<subfield code="a">DE-101a</subfield>
</datafield>
<datafield ind1="2" ind2=" " tag="883">
<subfield code="8">1\p</subfield>
<subfield code="a">dnb</subfield>
<subfield code="d">20200613</subfield>
<subfield code="q">DE-101</subfield>
<subfield code="u">https://d-nb.info/provenance/plan#dnb</subfield>
</datafield>
</record>