<record type="Bibliographic" xmlns="http://www.loc.gov/MARC21/slim">
<leader>00000naa a2200000uc 4500</leader>
<controlfield tag="001">1039300863</controlfield>
<controlfield tag="003">DE-101</controlfield>
<controlfield tag="005">20171203123726.0</controlfield>
<controlfield tag="007">cr||||||||||||</controlfield>
<controlfield tag="008">130830s1949    gw |||||o|||| 00|||||||  </controlfield>
<datafield ind1="7" ind2=" " tag="016">
<subfield code="2">DE-101</subfield>
<subfield code="a">1039300863</subfield>
</datafield>
<datafield ind1=" " ind2=" " tag="035">
<subfield code="a">(DE-599)DNB1039300863</subfield>
</datafield>
<datafield ind1=" " ind2=" " tag="035">
<subfield code="a">(OCoLC)1185834085</subfield>
</datafield>
<datafield ind1=" " ind2=" " tag="040">
<subfield code="a">9999</subfield>
<subfield code="b">ger</subfield>
<subfield code="c">DE-101</subfield>
<subfield code="d">9999</subfield>
</datafield>
<datafield ind1=" " ind2=" " tag="044">
<subfield code="c">XA-DE</subfield>
</datafield>
<datafield ind1="0" ind2="0" tag="245">
<subfield code="a">Eine uralte Fehde in neuer Form</subfield>
<subfield code="b">Der Kulturkampf in der Tschechoslowakei</subfield>
</datafield>
<datafield ind1="1" ind2=" " tag="246">
<subfield code="i">Nebent.:</subfield>
<subfield code="a">in Schillers "Wallensteins Tod"</subfield>
</datafield>
<datafield ind1=" " ind2=" " tag="336">
<subfield code="a">Text</subfield>
<subfield code="b">txt</subfield>
<subfield code="2">rdacontent</subfield>
</datafield>
<datafield ind1=" " ind2=" " tag="337">
<subfield code="a">Computermedien</subfield>
<subfield code="b">c</subfield>
<subfield code="2">rdamedia</subfield>
</datafield>
<datafield ind1=" " ind2=" " tag="338">
<subfield code="a">Online-Ressource</subfield>
<subfield code="b">cr</subfield>
<subfield code="2">rdacarrier</subfield>
</datafield>
<datafield ind1="1" ind2=" " tag="583">
<subfield code="a">Archivierung/Langzeitarchivierung gewährleistet</subfield>
<subfield code="5">DE-101</subfield>
<subfield code="2">pdager</subfield>
</datafield>
<datafield ind1="1" ind2="8" tag="773">
<subfield code="7">|||s</subfield>
<subfield code="g">volume:15</subfield>
<subfield code="g">number:29</subfield>
<subfield code="g">day:22</subfield>
<subfield code="g">month:07</subfield>
<subfield code="g">year:1949</subfield>
<subfield code="g">pages:5</subfield>
</datafield>
<datafield ind1="0" ind2="8" tag="773">
<subfield code="t">Artikel auf Seite 5 in Spalte c</subfield>
</datafield>
<datafield ind1="0" ind2="8" tag="773">
<subfield code="i">Enthalten in</subfield>
<subfield code="t">Aufbau</subfield>
<subfield code="d">New York, NY : New World Club, 1934-2004</subfield>
<subfield code="h">Online-Ressource</subfield>
<subfield code="g">15, Heft 29 (22.07.1949), 5</subfield>
<subfield code="w">(DE-600)2188065-7</subfield>
<subfield code="w">(DE-101)027470121</subfield>
</datafield>
<datafield ind1="0" ind2="8" tag="773">
<subfield code="i">Enthalten in</subfield>
<subfield code="t">Aufbau</subfield>
<subfield code="d">New York, NY : New World Club, 1934-2004</subfield>
<subfield code="h">Online-Ressource</subfield>
<subfield code="g">15, Heft 29 (22.07.1949), 5</subfield>
<subfield code="w">(DE-600)2188065-7</subfield>
<subfield code="w">(DE-101)1026564352</subfield>
</datafield>
<datafield ind1="d" ind2=" " tag="925">
<subfield code="a">a004</subfield>
</datafield>
</record>