<record type="Bibliographic" xmlns="http://www.loc.gov/MARC21/slim">
<leader>00000naa a2200000uc 4500</leader>
<controlfield tag="001">1039864899</controlfield>
<controlfield tag="003">DE-101</controlfield>
<controlfield tag="005">20171203125539.0</controlfield>
<controlfield tag="007">cr||||||||||||</controlfield>
<controlfield tag="008">130830s1946    gw |||||o|||| 00|||||||  </controlfield>
<datafield ind1="7" ind2=" " tag="016">
<subfield code="2">DE-101</subfield>
<subfield code="a">1039864899</subfield>
</datafield>
<datafield ind1=" " ind2=" " tag="035">
<subfield code="a">(DE-599)DNB1039864899</subfield>
</datafield>
<datafield ind1=" " ind2=" " tag="035">
<subfield code="a">(OCoLC)1185761637</subfield>
</datafield>
<datafield ind1=" " ind2=" " tag="040">
<subfield code="a">9999</subfield>
<subfield code="b">ger</subfield>
<subfield code="c">DE-101</subfield>
<subfield code="d">9999</subfield>
</datafield>
<datafield ind1=" " ind2=" " tag="044">
<subfield code="c">XA-DE</subfield>
</datafield>
<datafield ind1="1" ind2=" " tag="100">
<subfield code="a">Alphons</subfield>
<subfield code="e">Verfasser</subfield>
<subfield code="4">aut</subfield>
</datafield>
<datafield ind1="1" ind2="0" tag="245">
<subfield code="a">Fehde zwischen Zentralausschuss und Presse</subfield>
<subfield code="c">Alphons</subfield>
</datafield>
<datafield ind1="1" ind2=" " tag="246">
<subfield code="i">Nebent.:</subfield>
<subfield code="a">Privatunterkunft beschafft</subfield>
</datafield>
<datafield ind1="1" ind2=" " tag="246">
<subfield code="i">Nebent.:</subfield>
<subfield code="a">Die Pressefehde</subfield>
</datafield>
<datafield ind1=" " ind2=" " tag="336">
<subfield code="a">Text</subfield>
<subfield code="b">txt</subfield>
<subfield code="2">rdacontent</subfield>
</datafield>
<datafield ind1=" " ind2=" " tag="337">
<subfield code="a">Computermedien</subfield>
<subfield code="b">c</subfield>
<subfield code="2">rdamedia</subfield>
</datafield>
<datafield ind1=" " ind2=" " tag="338">
<subfield code="a">Online-Ressource</subfield>
<subfield code="b">cr</subfield>
<subfield code="2">rdacarrier</subfield>
</datafield>
<datafield ind1="1" ind2=" " tag="583">
<subfield code="a">Archivierung/Langzeitarchivierung gewährleistet</subfield>
<subfield code="5">DE-101</subfield>
<subfield code="2">pdager</subfield>
</datafield>
<datafield ind1="1" ind2="8" tag="773">
<subfield code="7">|||s</subfield>
<subfield code="g">volume:7</subfield>
<subfield code="g">number:18</subfield>
<subfield code="g">day:29</subfield>
<subfield code="g">month:03</subfield>
<subfield code="g">year:1946</subfield>
<subfield code="g">pages:4</subfield>
</datafield>
<datafield ind1="0" ind2="8" tag="773">
<subfield code="t">Artikel auf Seite 4 in Spalte b</subfield>
</datafield>
<datafield ind1="0" ind2="8" tag="773">
<subfield code="i">Enthalten in</subfield>
<subfield code="t">The Jewish voice of the Far East</subfield>
<subfield code="d">Shanghai : [Verlag nicht ermittelbar], 1945-1946</subfield>
<subfield code="h">Online-Ressource</subfield>
<subfield code="g">7, Heft 18 (29.03.1946), 4</subfield>
<subfield code="w">(DE-600)2159575-6</subfield>
<subfield code="w">(DE-101)026408422</subfield>
</datafield>
<datafield ind1="0" ind2="8" tag="773">
<subfield code="i">Enthalten in</subfield>
<subfield code="t">The Jewish voice of the Far East</subfield>
<subfield code="d">Shanghai : [Verlag nicht ermittelbar], 1945-1946</subfield>
<subfield code="h">Online-Ressource</subfield>
<subfield code="g">7, Heft 18 (29.03.1946), 4</subfield>
<subfield code="w">(DE-600)2159575-6</subfield>
<subfield code="w">(DE-101)1026557216</subfield>
</datafield>
<datafield ind1="d" ind2=" " tag="925">
<subfield code="a">a004</subfield>
</datafield>
</record>