<record type="Bibliographic" xmlns="http://www.loc.gov/MARC21/slim">
<leader>00000naa a2200000uc 4500</leader>
<controlfield tag="001">1040451500</controlfield>
<controlfield tag="003">DE-101</controlfield>
<controlfield tag="005">20171203131411.0</controlfield>
<controlfield tag="007">cr||||||||||||</controlfield>
<controlfield tag="008">130831s1939    gw |||||o|||| 00|||||||  </controlfield>
<datafield ind1="7" ind2=" " tag="016">
<subfield code="2">DE-101</subfield>
<subfield code="a">1040451500</subfield>
</datafield>
<datafield ind1=" " ind2=" " tag="035">
<subfield code="a">(DE-599)DNB1040451500</subfield>
</datafield>
<datafield ind1=" " ind2=" " tag="035">
<subfield code="a">(OCoLC)1185334016</subfield>
</datafield>
<datafield ind1=" " ind2=" " tag="040">
<subfield code="a">9999</subfield>
<subfield code="b">ger</subfield>
<subfield code="c">DE-101</subfield>
<subfield code="d">9999</subfield>
</datafield>
<datafield ind1=" " ind2=" " tag="044">
<subfield code="c">XA-DE</subfield>
</datafield>
<datafield ind1="0" ind2="0" tag="245">
<subfield code="a">Literarische Fehde um München</subfield>
</datafield>
<datafield ind1=" " ind2=" " tag="336">
<subfield code="a">Text</subfield>
<subfield code="b">txt</subfield>
<subfield code="2">rdacontent</subfield>
</datafield>
<datafield ind1=" " ind2=" " tag="337">
<subfield code="a">Computermedien</subfield>
<subfield code="b">c</subfield>
<subfield code="2">rdamedia</subfield>
</datafield>
<datafield ind1=" " ind2=" " tag="338">
<subfield code="a">Online-Ressource</subfield>
<subfield code="b">cr</subfield>
<subfield code="2">rdacarrier</subfield>
</datafield>
<datafield ind1="1" ind2=" " tag="583">
<subfield code="a">Archivierung/Langzeitarchivierung gewährleistet</subfield>
<subfield code="5">DE-101</subfield>
<subfield code="2">pdager</subfield>
</datafield>
<datafield ind1="1" ind2="8" tag="773">
<subfield code="7">|||s</subfield>
<subfield code="g">volume:4</subfield>
<subfield code="g">number:899</subfield>
<subfield code="g">day:21</subfield>
<subfield code="g">month:01</subfield>
<subfield code="g">year:1939</subfield>
<subfield code="g">pages:4</subfield>
</datafield>
<datafield ind1="0" ind2="8" tag="773">
<subfield code="t">Artikel auf Seite 4 in Spalte a</subfield>
</datafield>
<datafield ind1="0" ind2="8" tag="773">
<subfield code="i">Enthalten in</subfield>
<subfield code="t">Pariser Tageszeitung</subfield>
<subfield code="d">Paris : Pariser Tageszeitung, 1936-1940</subfield>
<subfield code="h">Online-Ressource</subfield>
<subfield code="g">4, Heft 899 (21.01.1939), 4</subfield>
<subfield code="w">(DE-600)2296516-6</subfield>
<subfield code="w">(DE-101)984069682</subfield>
</datafield>
<datafield ind1="0" ind2="8" tag="773">
<subfield code="i">Enthalten in</subfield>
<subfield code="t">Pariser Tageszeitung</subfield>
<subfield code="d">Paris : Pariser Tageszeitung, 1936-1940</subfield>
<subfield code="h">Online-Ressource</subfield>
<subfield code="g">4, Heft 899 (21.01.1939), 4</subfield>
<subfield code="w">(DE-600)2296516-6</subfield>
<subfield code="w">(DE-101)1026587255</subfield>
</datafield>
<datafield ind1="d" ind2=" " tag="925">
<subfield code="a">a004</subfield>
</datafield>
</record></recordData></record></records><echoedSearchRetrieveRequest><version>1.1</version>
                <query>tit=Fehde</query><xQuery xmlns:xsi="http://www.w3.org/2001/XMLSchema-instance" xsi:nil="true"/>
                <recordSchema>MARC21-xml</recordSchema></echoedSearchRetrieveRequest>
                </searchRetrieveResponse>